
  
  
  
  
  
  
  
 
  
  <record xsi:schemaLocation="http://www.loc.gov/MARC21/slim http://www.loc.gov/standards/marcxml/schema/MARC21slim.xsd">
      <leader>00000cam a2200397 a 4500</leader>
      <controlfield tag="FMT">BK</controlfield>
      <controlfield tag="LDR">00000cam a2200397 a 4500</controlfield>
      <controlfield tag="001">003653622</controlfield>
      <controlfield tag="005">20140701151640.0</controlfield>
      <controlfield tag="008">120823s1862    nyuabef  b    001 0 eng d</controlfield>
      <datafield tag="040" ind1=" " ind2=" ">
         <subfield code="a">NHi</subfield>
         <subfield code="c">NHi</subfield>
         <subfield code="d">NNU</subfield>
      </datafield>
      <datafield tag="041" ind1="1" ind2=" ">
         <subfield code="a">eng</subfield>
         <subfield code="h">grc</subfield>
      </datafield>
      <datafield tag="050" ind1=" " ind2="4">
         <subfield code="a">D58</subfield>
         <subfield code="b">.H5 1862</subfield>
      </datafield>
      <datafield tag="082" ind1=" " ind2=" ">
         <subfield code="a">888</subfield>
         <subfield code="b">H559R</subfield>
      </datafield>
      <datafield tag="100" ind1="0" ind2=" ">
         <subfield code="a">Herodotus.</subfield>
      </datafield>
      <datafield tag="245" ind1="1" ind2="4">
         <subfield code="a">The history of Herodotus :</subfield>
         <subfield code="b">a new English version, edited with copious notes and appendices, illustrating the history and geography of Herodotus, from the most recent sources of information, and embodying the chief results, historical and ethnographical, which have been obtained in the progress of cuneiform and hieroglyphical discovery /</subfield>
         <subfield code="c">by George Rawlinson ; assisted by Col. Sir Henry Rawlinson and Sir J.G. Wilkinson.</subfield>
      </datafield>
      <datafield tag="250" ind1=" " ind2=" ">
         <subfield code="a">New English version</subfield>
      </datafield>
      <datafield tag="260" ind1=" " ind2=" ">
         <subfield code="a">New York :</subfield>
         <subfield code="b">D. Appleton &amp; Co.,</subfield>
         <subfield code="c">1862.</subfield>
      </datafield>
      <datafield tag="300" ind1=" " ind2=" ">
         <subfield code="a">4 v. :</subfield>
         <subfield code="b">ill., maps, plans ;</subfield>
         <subfield code="c">24 cm.</subfield>
      </datafield>
      <datafield tag="504" ind1=" " ind2=" ">
         <subfield code="a">Includes bibliographical references and index.</subfield>
      </datafield>
      <datafield tag="505" ind1="0" ind2=" ">
         <subfield code="a">v. 1. Book 1 -- v. 2. Books 2-3 -- v. 3. Books 4-6 -- v. 4. Books 7-9.</subfield>
      </datafield>
      <datafield tag="500" ind1=" " ind2=" ">
         <subfield code="a">N-YHS copy: Francis L. Hawks copy; gift of William Niblo, 1867.</subfield>
         <subfield code="5">NHi</subfield>
      </datafield>
      <datafield tag="500" ind1=" " ind2=" ">
         <subfield code="a">N-YHS copy: inscribed "Rev Dr Hawks from his friend Emily O. Gibbes Christmas 1862" on flyleaf.</subfield>
         <subfield code="5">NHi</subfield>
      </datafield>
      <datafield tag="500" ind1=" " ind2=" ">
         <subfield code="a">ISAW copy is from the Library of Hayim and Miriam Tadmor.</subfield>
         <subfield code="5">NNU</subfield>
      </datafield>
      <datafield tag="650" ind1=" " ind2="0">
         <subfield code="a">History, Ancient</subfield>
         <subfield code="v">Early works to 1800.</subfield>
      </datafield>
      <datafield tag="700" ind1="1" ind2=" ">
         <subfield code="a">Rawlinson, George,</subfield>
         <subfield code="d">1812-1902</subfield>
         <subfield code="e">ed.</subfield>
      </datafield>
      <datafield tag="700" ind1="1" ind2=" ">
         <subfield code="a">Rawlinson, Henry Creswicke,</subfield>
         <subfield code="c">Sir,</subfield>
         <subfield code="d">1810-1895</subfield>
         <subfield code="e">ed.</subfield>
      </datafield>
      <datafield tag="700" ind1="1" ind2=" ">
         <subfield code="a">Wilkinson, John Gardner,</subfield>
         <subfield code="d">1797-1875,</subfield>
         <subfield code="e">ed.</subfield>
      </datafield>
      <datafield tag="700" ind1="1" ind2=" ">
         <subfield code="a">Hawks, Francis L.</subfield>
         <subfield code="q">(Francis Lister),</subfield>
         <subfield code="d">1798-1866</subfield>
         <subfield code="e">former owner.</subfield>
         <subfield code="5">NHi</subfield>
      </datafield>
      <datafield tag="700" ind1="1" ind2=" ">
         <subfield code="a">Niblo, William,</subfield>
         <subfield code="e">donor.</subfield>
         <subfield code="5">NHi</subfield>
      </datafield>
      <datafield tag="710" ind1="2" ind2=" ">
         <subfield code="a">Hawks-Niblo Collection.</subfield>
         <subfield code="5">NHi</subfield>
      </datafield>
      <datafield tag="710" ind1="2" ind2=" ">
         <subfield code="a">D. Appleton and Company</subfield>
         <subfield code="e">publisher.</subfield>
      </datafield>
      <datafield tag="752" ind1=" " ind2=" ">
         <subfield code="a">United States</subfield>
         <subfield code="b">New York</subfield>
         <subfield code="d">New York.</subfield>
      </datafield>
      <datafield tag="776" ind1="0" ind2="8">
         <subfield code="i">Online version:</subfield>
         <subfield code="a">Herodotus.</subfield>
         <subfield code="t">History of Herodotus.</subfield>
         <subfield code="b">New ed.</subfield>
         <subfield code="d">London : J. Murray, 1862</subfield>
         <subfield code="w">(OCoLC)646915318</subfield>
      </datafield>
      <datafield tag="796" ind1="1" ind2=" ">
         <subfield code="a">Tadmor, Hayim,</subfield>
         <subfield code="e">former owner.</subfield>
      </datafield>
      <datafield tag="796" ind1="1" ind2=" ">
         <subfield code="a">Tadmor, Miriam,</subfield>
         <subfield code="e">former owner.</subfield>
      </datafield>
      <datafield tag="797" ind1="2" ind2=" ">
         <subfield code="a">Tadmor Collection.</subfield>
      </datafield>
      <datafield tag="OWN" ind1=" " ind2=" ">
         <subfield code="a">GENERAL</subfield>
      </datafield>
      <datafield tag="AVA" ind1=" " ind2=" ">
         <subfield code="a">NYU50</subfield>
         <subfield code="b">NISAW</subfield>
         <subfield code="c">Small Collection</subfield>
         <subfield code="d">D58 .H5 1862</subfield>
         <subfield code="e">available</subfield>
         <subfield code="t">Available</subfield>
         <subfield code="f">3</subfield>
         <subfield code="g">0</subfield>
         <subfield code="h">Y</subfield>
         <subfield code="i">0</subfield>
         <subfield code="j">SMALL</subfield>
         <subfield code="k">0</subfield>
      </datafield>
      <marc:datafield tag="852" ind1=" " ind2=" ">
         <marc:subfield code="b">Institute for the Study of the Ancient World, </marc:subfield>
         <marc:subfield code="c">Small Collection</marc:subfield>
         <marc:subfield code="e">15 East 84th St., </marc:subfield>
         <marc:subfield code="e">New York, NY  10028</marc:subfield>
      </marc:datafield>
      <datafield tag="AVA" ind1=" " ind2=" ">
         <subfield code="a">NYU50</subfield>
         <subfield code="b">NYHS</subfield>
         <subfield code="c">Hawks-Niblo Collection</subfield>
         <subfield code="d">D58 .H5 1862 Non-circulating</subfield>
         <subfield code="e">available</subfield>
         <subfield code="t">Available</subfield>
         <subfield code="f">3</subfield>
         <subfield code="g">0</subfield>
         <subfield code="h">Y</subfield>
         <subfield code="i">0</subfield>
         <subfield code="j">HAWKS</subfield>
         <subfield code="k">0</subfield>
      </datafield>
   </record>