
  
  
  
  
  
  
  
 
  
  <record xsi:schemaLocation="http://www.loc.gov/MARC21/slim http://www.loc.gov/standards/marcxml/schema/MARC21slim.xsd">
      <leader>00000cam  2200493 i 4500</leader>
      <controlfield tag="FMT">BK</controlfield>
      <controlfield tag="LDR">00000cam  2200493 i 4500</controlfield>
      <controlfield tag="001">003747489</controlfield>
      <controlfield tag="003">OCoLC</controlfield>
      <controlfield tag="005">20140703095241.0</controlfield>
      <controlfield tag="008">120802s2012    is a     b    001 0 eng</controlfield>
      <datafield tag="010" ind1=" " ind2=" ">
         <subfield code="a">2012457047</subfield>
      </datafield>
      <datafield tag="020" ind1=" " ind2=" ">
         <subfield code="a">9789652210883</subfield>
      </datafield>
      <datafield tag="020" ind1=" " ind2=" ">
         <subfield code="a">9652210889</subfield>
      </datafield>
      <datafield tag="035" ind1="7" ind2=" ">
         <subfield code="a">jb80849</subfield>
      </datafield>
      <datafield tag="035" ind1=" " ind2=" ">
         <subfield code="a">(OCoLC)804496993</subfield>
         <subfield code="z">(OCoLC)793167062</subfield>
      </datafield>
      <datafield tag="040" ind1=" " ind2=" ">
         <subfield code="a">DLC</subfield>
         <subfield code="b">eng</subfield>
         <subfield code="e">rda</subfield>
         <subfield code="c">DLC</subfield>
         <subfield code="d">YDXCP</subfield>
         <subfield code="d">WEINB</subfield>
         <subfield code="d">OCLCQ</subfield>
         <subfield code="d">OCLCO</subfield>
         <subfield code="d">OCLCQ</subfield>
         <subfield code="d">NNU</subfield>
      </datafield>
      <datafield tag="042" ind1=" " ind2=" ">
         <subfield code="a">pcc</subfield>
      </datafield>
      <datafield tag="043" ind1=" " ind2=" ">
         <subfield code="a">a-is---</subfield>
      </datafield>
      <datafield tag="050" ind1="0" ind2="0">
         <subfield code="a">DS110.H38</subfield>
         <subfield code="b">S45 2012</subfield>
      </datafield>
      <datafield tag="110" ind1="2" ind2=" ">
         <subfield code="a">Selz Foundation Hazor Excavations in Memory of Yigael Yadin.</subfield>
      </datafield>
      <datafield tag="245" ind1="1" ind2="0">
         <subfield code="a">Hazor VI :</subfield>
         <subfield code="b">the 1990-2009 excavations, the Iron Age /</subfield>
         <subfield code="c">Amnon Ben-Tor, Doron Ben-Ami, Débora Sandhaus ; with contributions by Shlomit Bechar, Manuel Cimadevilla, Jennie R. Ebeling, Ortal Harbush, Yael Israeli, Othmar Keel, Justin Lev-Tov, Nimrod Marom, Maud Spaer, Miriam Tadmor ; editor, Tsipi Kuper-Blau.</subfield>
      </datafield>
      <datafield tag="246" ind1="3" ind2=" ">
         <subfield code="a">Ḥatsor six</subfield>
      </datafield>
      <datafield tag="264" ind1=" " ind2="1">
         <subfield code="a">Jerusalem :</subfield>
         <subfield code="b">Israel Exploration Society, Institute of Archaeology, the Hebrew University of Jerusalem,</subfield>
         <subfield code="c">2012.</subfield>
      </datafield>
      <datafield tag="300" ind1=" " ind2=" ">
         <subfield code="a">660 pages :</subfield>
         <subfield code="b">illustrations ;</subfield>
         <subfield code="c">35 cm</subfield>
      </datafield>
      <datafield tag="336" ind1=" " ind2=" ">
         <subfield code="a">text</subfield>
         <subfield code="b">txt</subfield>
         <subfield code="2">rdacontent</subfield>
      </datafield>
      <datafield tag="337" ind1=" " ind2=" ">
         <subfield code="a">unmediated</subfield>
         <subfield code="b">n</subfield>
         <subfield code="2">rdamedia</subfield>
      </datafield>
      <datafield tag="338" ind1=" " ind2=" ">
         <subfield code="a">volume</subfield>
         <subfield code="b">nc</subfield>
         <subfield code="2">rdacarrier</subfield>
      </datafield>
      <datafield tag="500" ind1=" " ind2=" ">
         <subfield code="a">"This, the sixth in the Hazor series, is the first to present the results of twenty years of excavation and research by the renewed expedition of Hazor (1990-2009)"--Page IX.</subfield>
      </datafield>
      <datafield tag="504" ind1=" " ind2=" ">
         <subfield code="a">Includes bibliographical references (pages 627-631) and index.</subfield>
      </datafield>
      <datafield tag="505" ind1="0" ind2="0">
         <subfield code="t">Iron Age I (Stratum "XII/XI"): stratigraphy and pottery /</subfield>
         <subfield code="r">Doron Ben-Ami ;</subfield>
         <subfield code="r">Amnon Ben-Tor --</subfield>
         <subfield code="t">Early Iron Age II (Strata X-IX) /</subfield>
         <subfield code="r">Doron Ben-Ami --</subfield>
         <subfield code="t">Iron Age II (Strata VIII-VII) /</subfield>
         <subfield code="r">Doron Ben-Ami --</subfield>
         <subfield code="t">Iron Age II (Strata VI-V) /</subfield>
         <subfield code="r">Débora Sandhaus --</subfield>
         <subfield code="t">Pottery of Strata X-IX /</subfield>
         <subfield code="r">Doron Ben-Ami ;</subfield>
         <subfield code="r">Amnon Ben-Tor --</subfield>
         <subfield code="t">Pottery of Strata VIII-IV /</subfield>
         <subfield code="r">Doron Ben-Ami ;</subfield>
         <subfield code="r">Débora Sandhaus ;</subfield>
         <subfield code="r">Amnon Ben-Tor --</subfield>
         <subfield code="t">Clay figurines /</subfield>
         <subfield code="r">Miriam Tadmor --</subfield>
         <subfield code="t">Worked bone, ivory and horn objects /</subfield>
         <subfield code="r">Shlomit Bechar --</subfield>
         <subfield code="t">Personal ornaments /</subfield>
         <subfield code="r">Maud Spaer --</subfield>
         <subfield code="t">Tools and weapons /</subfield>
         <subfield code="r">Amnon Ben-Tor --</subfield>
         <subfield code="t">Ground stone artifacts /</subfield>
         <subfield code="r">Jennie R. Ebeling --</subfield>
         <subfield code="t">Loom weights and spindle whorls /</subfield>
         <subfield code="r">Manuel Cimadevilla --</subfield>
         <subfield code="t">Decorated bone, ivory, shell and stone objects /</subfield>
         <subfield code="r">Ortal Harbush --</subfield>
         <subfield code="t">Glyptic material /</subfield>
         <subfield code="r">Othmar Keel --</subfield>
         <subfield code="t">Varia /</subfield>
         <subfield code="r">Amnon Ben-Tor --</subfield>
         <subfield code="t">Archaeological analysis of animal bones from Areas A2 and A4 /</subfield>
         <subfield code="r">Justin Lev-Tov --</subfield>
         <subfield code="t">Archaeological analysis of animal bones from selected Iron Age contexts /</subfield>
         <subfield code="r">Nimrod Marom --</subfield>
         <subfield code="t">First-millennium glass amphoriskos /</subfield>
         <subfield code="r">Yael Israeli --</subfield>
         <subfield code="t">Index of loci /</subfield>
         <subfield code="r">Shlomit Bechar</subfield>
      </datafield>
      <datafield tag="500" ind1=" " ind2=" ">
         <subfield code="a">ISAW copy is the gift of Amnon Ben-Tor.</subfield>
         <subfield code="5">NNU</subfield>
      </datafield>
      <datafield tag="651" ind1=" " ind2="0">
         <subfield code="a">Hazor (Extinct city)</subfield>
      </datafield>
      <datafield tag="650" ind1=" " ind2="0">
         <subfield code="a">Excavations (Archaeology)</subfield>
         <subfield code="z">Israel.</subfield>
      </datafield>
      <datafield tag="651" ind1=" " ind2="0">
         <subfield code="a">Israel</subfield>
         <subfield code="x">Antiquities.</subfield>
      </datafield>
      <datafield tag="650" ind1=" " ind2="0">
         <subfield code="a">Iron age</subfield>
         <subfield code="z">Israel.</subfield>
      </datafield>
      <datafield tag="700" ind1="1" ind2=" ">
         <subfield code="a">Ben-Tor, Amnon.</subfield>
      </datafield>
      <datafield tag="700" ind1="1" ind2=" ">
         <subfield code="a">Ben-Ami, Doron</subfield>
         <subfield code="e">author.</subfield>
      </datafield>
      <datafield tag="700" ind1="1" ind2=" ">
         <subfield code="a">Sandhaus, Débora,</subfield>
         <subfield code="e">author.</subfield>
      </datafield>
      <datafield tag="700" ind1="1" ind2=" ">
         <subfield code="a">Kuper-Blau, Tsipi,</subfield>
         <subfield code="e">editor.</subfield>
      </datafield>
      <datafield tag="700" ind1="1" ind2=" ">
         <subfield code="a">Bechar, Schlomit.</subfield>
      </datafield>
      <datafield tag="700" ind1="1" ind2=" ">
         <subfield code="a">Cimadevilla, Manuel.</subfield>
      </datafield>
      <datafield tag="700" ind1="1" ind2=" ">
         <subfield code="a">Ebeling, Jennie R.</subfield>
      </datafield>
      <datafield tag="700" ind1="1" ind2=" ">
         <subfield code="a">Harush, Ortal.</subfield>
      </datafield>
      <datafield tag="700" ind1="1" ind2=" ">
         <subfield code="a">Israeli, Yael.</subfield>
      </datafield>
      <datafield tag="700" ind1="1" ind2=" ">
         <subfield code="a">Keel, Othmar,</subfield>
         <subfield code="d">1937-</subfield>
      </datafield>
      <datafield tag="700" ind1="1" ind2=" ">
         <subfield code="a">Lev-Tov, Justin.</subfield>
      </datafield>
      <datafield tag="700" ind1="1" ind2=" ">
         <subfield code="a">Marom, Nimrod.</subfield>
      </datafield>
      <datafield tag="700" ind1="1" ind2=" ">
         <subfield code="a">Spaer, Maud.</subfield>
      </datafield>
      <datafield tag="700" ind1="1" ind2=" ">
         <subfield code="a">Tadmor, Miriam.</subfield>
      </datafield>
      <datafield tag="710" ind1="2" ind2=" ">
         <subfield code="a">Shelby White and Leon Levy Program for Archaeological Publications (Firm)</subfield>
      </datafield>
      <datafield tag="796" ind1="1" ind2=" ">
         <subfield code="a">Ben-Tor, Amnon,</subfield>
         <subfield code="e">donor.</subfield>
      </datafield>
      <datafield tag="797" ind1="2" ind2=" ">
         <subfield code="a">White Levy Program Collection.</subfield>
      </datafield>
      <datafield tag="797" ind1="2" ind2=" ">
         <subfield code="a">WLP Collection.</subfield>
      </datafield>
      <datafield tag="OWN" ind1=" " ind2=" ">
         <subfield code="a">GENERAL</subfield>
      </datafield>
      <datafield tag="AVA" ind1=" " ind2=" ">
         <subfield code="a">NYU50</subfield>
         <subfield code="b">BOBST</subfield>
         <subfield code="c">Main Collection</subfield>
         <subfield code="d">DS110.H38 S45 2012 Oversize</subfield>
         <subfield code="e">available</subfield>
         <subfield code="t">Available</subfield>
         <subfield code="f">1</subfield>
         <subfield code="g">0</subfield>
         <subfield code="h">N</subfield>
         <subfield code="i">0</subfield>
         <subfield code="j">MAIN</subfield>
         <subfield code="k">0</subfield>
      </datafield>
      <datafield tag="AVA" ind1=" " ind2=" ">
         <subfield code="a">NYU50</subfield>
         <subfield code="b">NISAW</subfield>
         <subfield code="c">Oversize Collection</subfield>
         <subfield code="d">DS110.H38 S45 2012</subfield>
         <subfield code="e">available</subfield>
         <subfield code="t">Available</subfield>
         <subfield code="f">1</subfield>
         <subfield code="g">0</subfield>
         <subfield code="h">N</subfield>
         <subfield code="i">0</subfield>
         <subfield code="j">OVERZ</subfield>
         <subfield code="k">0</subfield>
      </datafield>
      <marc:datafield tag="852" ind1=" " ind2=" ">
         <marc:subfield code="b">Institute for the Study of the Ancient World, </marc:subfield>
         <marc:subfield code="c">Oversize Collection</marc:subfield>
         <marc:subfield code="e">15 East 84th St., </marc:subfield>
         <marc:subfield code="e">New York, NY  10028</marc:subfield>
      </marc:datafield>
   </record>