
  
  
  
  
  
  
 
  
  <record xsi:schemaLocation="http://www.loc.gov/MARC21/slim http://www.loc.gov/standards/marcxml/schema/MARC21slim.xsd">
      <leader>00000cam a2200313 a 45M</leader>
      <controlfield tag="FMT">BK</controlfield>
      <controlfield tag="LDR">00000cam a2200313 a 45M</controlfield>
      <controlfield tag="001">002694202</controlfield>
      <controlfield tag="003">NNU</controlfield>
      <controlfield tag="005">20140702153438.0</controlfield>
      <controlfield tag="008">840417s1978    is cf    b    010 0deng</controlfield>
      <datafield tag="010" ind1=" " ind2=" ">
         <subfield code="a">79308407//r842</subfield>
      </datafield>
      <datafield tag="035" ind1="9" ind2=" ">
         <subfield code="a">NYUb10386599</subfield>
      </datafield>
      <datafield tag="035" ind1=" " ind2=" ">
         <subfield code="a">GLIS003865995</subfield>
      </datafield>
      <datafield tag="035" ind1=" " ind2=" ">
         <subfield code="a">(CStRLIN)NYUG84-B13753</subfield>
      </datafield>
      <datafield tag="040" ind1=" " ind2=" ">
         <subfield code="d">NNU</subfield>
      </datafield>
      <datafield tag="041" ind1="0" ind2=" ">
         <subfield code="a">eng</subfield>
         <subfield code="a">fre</subfield>
         <subfield code="a">ger</subfield>
      </datafield>
      <datafield tag="043" ind1=" " ind2=" ">
         <subfield code="a">aw-----</subfield>
      </datafield>
      <datafield tag="050" ind1=" " ind2="4">
         <subfield code="a">BS1171.2</subfield>
         <subfield code="b">.S78 1978</subfield>
      </datafield>
      <datafield tag="082" ind1=" " ind2=" ">
         <subfield code="a">221.6</subfield>
      </datafield>
      <datafield tag="245" ind1="0" ind2="0">
         <subfield code="a">Studies in Bible and the ancient Near East :</subfield>
         <subfield code="b">presented to Samuel E. Loewenstamm on his seventieth birthday /</subfield>
         <subfield code="c">edited by Yitschak Avishur, Joshua Blau.</subfield>
      </datafield>
      <datafield tag="260" ind1=" " ind2=" ">
         <subfield code="a">Jerusalem :</subfield>
         <subfield code="b">E. Rubinstein's Pub. House,</subfield>
         <subfield code="c">1978.</subfield>
      </datafield>
      <datafield tag="300" ind1=" " ind2=" ">
         <subfield code="a">xviii, 215 p., [1] leaf of plates :</subfield>
         <subfield code="b">port. ;</subfield>
         <subfield code="c">24 cm.</subfield>
      </datafield>
      <datafield tag="546" ind1=" " ind2=" ">
         <subfield code="a">Contributions in English, French, or German.</subfield>
      </datafield>
      <datafield tag="500" ind1=" " ind2=" ">
         <subfield code="a">"Abstracts of articles in the Hebrew section": p. 181-215.</subfield>
      </datafield>
      <datafield tag="504" ind1=" " ind2=" ">
         <subfield code="a">Includes bibliographical references.</subfield>
      </datafield>
      <datafield tag="500" ind1=" " ind2=" ">
         <subfield code="a">ISAW copy is from the Library of Hayim and Miriam Tadmor.</subfield>
         <subfield code="5">NNU</subfield>
      </datafield>
      <datafield tag="505" ind1="0" ind2="0">
         <subfield code="t">Samuel E. Loewenstamm : the man and his work /</subfield>
         <subfield code="r">Y. Avishur, J. Blau --</subfield>
         <subfield code="t">Remarques sur la tablette alphabétique R.S. 24.272 /</subfield>
         <subfield code="r">A. Caquot --</subfield>
         <subfield code="t">Poetic devices in the book of Proverbs /</subfield>
         <subfield code="r">M. Dahood --</subfield>
         <subfield code="t">Ugaritische Fragepronomen MH und seine Erweiterungen /</subfield>
         <subfield code="r">M. Dietrich, O. Loretz --</subfield>
         <subfield code="t">Oldest record of hysteria with physical stigmata, Zech 13:2-6 /</subfield>
         <subfield code="r">H.L. Ginsberg --</subfield>
         <subfield code="t">Build-up and climax /</subfield>
         <subfield code="r">C.H. Gordon --</subfield>
         <subfield code="t">Meaning of [pachaz] /</subfield>
         <subfield code="r">J.C. Greenfield --</subfield>
         <subfield code="t">Travels and travails of the goring ox /</subfield>
         <subfield code="r">B.C. Jackson --</subfield>
         <subfield code="t">Ahitofel et Houshaï : rédaction prosalomonienne en 2 S 15-17? /</subfield>
         <subfield code="r">F. Langlamet --</subfield>
         <subfield code="t">Ditanu /</subfield>
         <subfield code="r">E. Lipiński --</subfield>
         <subfield code="t">Ugaritic bn ydm : "chest" or "back" /</subfield>
         <subfield code="r">D. Marcus --</subfield>
         <subfield code="t">Art of versification in Ugarit and Israel : I. The rhythmical structure /</subfield>
         <subfield code="r">J.C. de Moor --</subfield>
         <subfield code="t">Scatterbrained scribe /</subfield>
         <subfield code="r">A.F. Rainey --</subfield>
         <subfield code="t">Window for Baal's house : the maturing of God /</subfield>
         <subfield code="r">M. Tsevat --</subfield>
         <subfield code="t">West Semitic toponyms in Assyrian and Babylonian sources /</subfield>
         <subfield code="r">R. Zadok --</subfield>
         <subfield code="t">Resurrection of the kingdom of Damascus and its historiographic record [Abstract] /</subfield>
         <subfield code="r">S. Abramski --</subfield>
         <subfield code="t">Alliance oath of the Canaanite vassals to the pharaoh [Abstract] /</subfield>
         <subfield code="r">S. Aḥiṭuv --</subfield>
         <subfield code="t">Diwan and Ben Tehillim [Abstract] /</subfield>
         <subfield code="r">N. Allony --</subfield>
         <subfield code="t">Incense and the sweet sense : "the commandments of the ideal son" in Aqhat and idol worship in Ezekiel 8 [Abstract] /</subfield>
         <subfield code="r">Y. Avishur --</subfield>
         <subfield code="t">Trial of the Jew from Negroponte who converted himself in Ciudad Real [Abstract] /</subfield>
         <subfield code="r">H. Beinart --</subfield>
         <subfield code="t">Thoughts on the Hebrew vowel system [Abstract] /</subfield>
         <subfield code="r">Z. Ben-Ḥayim --</subfield>
         <subfield code="t">On invariable passive forms in Biblical Hebrew and Classical Arabic [Abstract] /</subfield>
         <subfield code="r">J. Blau --</subfield>
         <subfield code="t">Differing approaches to the theomachy myth in the Old Testament writers [Abstract] /</subfield>
         <subfield code="r">T.L. Fenton --</subfield>
         <subfield code="t">"Who sanctified the well-beloved in (lit. from) the womb" [Abstract] /</subfield>
         <subfield code="r">D. Flusser, S. Safrai --</subfield>
         <subfield code="t">Proto-canonical colophons in the wisdom literature [Abstract] /</subfield>
         <subfield code="r">H.M.I. Gevariahu --</subfield>
      </datafield>
      <datafield tag="505" ind1="0" ind2="0">
         <subfield code="t">Historical framework of the Exodus : data and suggestions [Abstract] /</subfield>
         <subfield code="r">M. Haran --</subfield>
         <subfield code="t">On the attitude of the sages to biblical chronology [Abstract] /</subfield>
         <subfield code="r">J. Heinemann --</subfield>
         <subfield code="t">Garments of Aharon and his sons according to 1Q war VII, 9-10 [Abstract] /</subfield>
         <subfield code="r">A. Hurvitz --</subfield>
         <subfield code="t">Laws of manumission of slaves and the question of the relationship between the collections of laws in the Pentateuch [Abstract] /</subfield>
         <subfield code="r">S. Japhet --</subfield>
         <subfield code="t">[Hebrew script] in M(ishnaic) H(ebrew) [Abstract] /</subfield>
         <subfield code="r">M.Z. Kaddari --</subfield>
         <subfield code="t">Sinai theophany /</subfield>
         <subfield code="r">J. Licht --</subfield>
         <subfield code="t">R. Isaiah's commentary on Prophets and Hagiographa [Abstract] /</subfield>
         <subfield code="r">E.Z. Melamed --</subfield>
         <subfield code="t">Rhythmic and syntactic traces of classic literary sources in Mendele Mokher Sepharim's writing [Abstract] /</subfield>
         <subfield code="r">R. Mirkin --</subfield>
         <subfield code="t">Titles śhd / 'd and mnḥm in Jewish epigraphic texts [Abstract] /</subfield>
         <subfield code="r">J. Naveh --</subfield>
         <subfield code="t">Hosea 8:8-10 and ancient Near Eastern royal epithets [Abstract] /</subfield>
         <subfield code="r">S.M. Paul --</subfield>
         <subfield code="t">Genesis 15, theme and structure [Abstract] /</subfield>
         <subfield code="r">F. Polak --</subfield>
         <subfield code="t">Lexicographical remarks [Abstract] /</subfield>
         <subfield code="r">H. Rabin --</subfield>
         <subfield code="t">Moses' blessing, the sanctuary of Nebo, and the origin of the Levites [Abstract] /</subfield>
         <subfield code="r">A. Rofè --</subfield>
         <subfield code="t">Lending, pledge, and interest in biblical law and biblical thought [Abstract] /</subfield>
         <subfield code="r">I.L. Seeligmann --</subfield>
         <subfield code="t">Phoenician cult masks in Israel [Abstract] /</subfield>
         <subfield code="r">E. Stern --</subfield>
         <subfield code="t">Lexicographical text from Hazor [Abstract] /</subfield>
         <subfield code="r">H. Tadmor --</subfield>
         <subfield code="t">OT textual criticism, its methods and limitations [Abstract] /</subfield>
         <subfield code="r">E. Tov --</subfield>
         <subfield code="t">Ezekiel 12:1-16 [Abstract] /</subfield>
         <subfield code="r">B. Uffenheimer --</subfield>
         <subfield code="t">Divine war in ancient Israel and in the ancient Near East [Abstract] /</subfield>
         <subfield code="r">M. Weinfeld --</subfield>
         <subfield code="t">Dageshed alephs in the Bible [Abstract] /</subfield>
         <subfield code="r">I. Yeivin --</subfield>
         <subfield code="t">Epigraphical notes [Abstract] /</subfield>
         <subfield code="r">S. Yeivin.</subfield>
      </datafield>
      <datafield tag="600" ind1="1" ind2="0">
         <subfield code="a">Loewenstamm, Samuel E.</subfield>
      </datafield>
      <datafield tag="630" ind1="0" ind2="0">
         <subfield code="a">Bible.</subfield>
         <subfield code="p">Old Testament</subfield>
         <subfield code="x">Criticism, interpretation, etc., Jewish.</subfield>
      </datafield>
      <datafield tag="651" ind1=" " ind2="0">
         <subfield code="a">Middle East</subfield>
         <subfield code="x">Religion.</subfield>
      </datafield>
      <datafield tag="700" ind1="1" ind2=" ">
         <subfield code="a">Loewenstamm, Samuel E.</subfield>
      </datafield>
      <datafield tag="700" ind1="1" ind2=" ">
         <subfield code="a">Avishur, Yitsḥaḳ</subfield>
         <subfield code="e">ed.</subfield>
      </datafield>
      <datafield tag="700" ind1="1" ind2=" ">
         <subfield code="a">Blau, Joshua,</subfield>
         <subfield code="d">1919-</subfield>
         <subfield code="e">ed.</subfield>
      </datafield>
      <datafield tag="796" ind1="1" ind2=" ">
         <subfield code="a">Tadmor, Hayim,</subfield>
         <subfield code="e">former owner.</subfield>
      </datafield>
      <datafield tag="796" ind1="1" ind2=" ">
         <subfield code="a">Tadmor, Miriam,</subfield>
         <subfield code="e">former owner.</subfield>
      </datafield>
      <datafield tag="797" ind1="2" ind2=" ">
         <subfield code="a">Tadmor Collection.</subfield>
      </datafield>
      <datafield tag="OWN" ind1=" " ind2=" ">
         <subfield code="a">GENERAL</subfield>
      </datafield>
      <datafield tag="950" ind1=" " ind2=" ">
         <subfield code="l">BMAIN</subfield>
         <subfield code="a">BS1171.2</subfield>
         <subfield code="b">.S78</subfield>
         <subfield code="i">02/22/85 C</subfield>
      </datafield>
      <datafield tag="955" ind1=" " ind2=" ">
         <subfield code="l">BMAIN</subfield>
         <subfield code="c">1</subfield>
         <subfield code="q">84-B13753-1</subfield>
         <subfield code="r">010437468</subfield>
         <subfield code="i">02/22/85 C</subfield>
      </datafield>
      <datafield tag="AVA" ind1=" " ind2=" ">
         <subfield code="a">NYU50</subfield>
         <subfield code="b">BOBST</subfield>
         <subfield code="c">Main Collection</subfield>
         <subfield code="d">BS1171.2 .S78</subfield>
         <subfield code="e">unavailable</subfield>
         <subfield code="t">Unavailable</subfield>
         <subfield code="f">1</subfield>
         <subfield code="g">1</subfield>
         <subfield code="h">N</subfield>
         <subfield code="i">2</subfield>
         <subfield code="j">MAIN</subfield>
         <subfield code="k">0</subfield>
      </datafield>
      <datafield tag="AVA" ind1=" " ind2=" ">
         <subfield code="a">NYU50</subfield>
         <subfield code="b">NISAW</subfield>
         <subfield code="c">Small Collection</subfield>
         <subfield code="d">BS1171.2 .S78 1978</subfield>
         <subfield code="e">available</subfield>
         <subfield code="t">Available</subfield>
         <subfield code="f">1</subfield>
         <subfield code="g">0</subfield>
         <subfield code="h">N</subfield>
         <subfield code="i">0</subfield>
         <subfield code="j">SMALL</subfield>
         <subfield code="k">0</subfield>
      </datafield>
      <marc:datafield tag="852" ind1=" " ind2=" ">
         <marc:subfield code="b">Institute for the Study of the Ancient World, </marc:subfield>
         <marc:subfield code="c">Small Collection</marc:subfield>
         <marc:subfield code="e">15 East 84th St., </marc:subfield>
         <marc:subfield code="e">New York, NY  10028</marc:subfield>
      </marc:datafield>
   </record>