
  
  
  
  
  
  
 
  
  <record xsi:schemaLocation="http://www.loc.gov/MARC21/slim http://www.loc.gov/standards/marcxml/schema/MARC21slim.xsd">
      <leader>00000cam a2200577 a 4500</leader>
      <controlfield tag="FMT">BK</controlfield>
      <controlfield tag="LDR">00000cam a2200577 a 4500</controlfield>
      <controlfield tag="001">004012643</controlfield>
      <controlfield tag="003">OCoLC</controlfield>
      <controlfield tag="005">20140703100312.0</controlfield>
      <controlfield tag="008">140703s1952    enk      b    001 0 eng d</controlfield>
      <datafield tag="015" ind1=" " ind2=" ">
         <subfield code="a">GB52-14108</subfield>
      </datafield>
      <datafield tag="035" ind1=" " ind2=" ">
         <subfield code="a">(OCoLC)2540762</subfield>
         <subfield code="z">(OCoLC)14060753</subfield>
      </datafield>
      <datafield tag="040" ind1=" " ind2=" ">
         <subfield code="a">ITD</subfield>
         <subfield code="c">ITD</subfield>
         <subfield code="d">NRC</subfield>
         <subfield code="d">OCL</subfield>
         <subfield code="d">UKM</subfield>
         <subfield code="d">NLGGC</subfield>
         <subfield code="d">HNW</subfield>
         <subfield code="d">OCLCG</subfield>
         <subfield code="d">LGG</subfield>
         <subfield code="d">QE2</subfield>
         <subfield code="d">OCLCA</subfield>
         <subfield code="d">UKMGB</subfield>
         <subfield code="d">CIRBC</subfield>
         <subfield code="d">OCLCF</subfield>
         <subfield code="d">DEBBG</subfield>
         <subfield code="d">NNU</subfield>
      </datafield>
      <datafield tag="050" ind1=" " ind2="4">
         <subfield code="a">BS543</subfield>
         <subfield code="b">.W75 1952</subfield>
      </datafield>
      <datafield tag="082" ind1="0" ind2="4">
         <subfield code="a">230</subfield>
         <subfield code="2">18</subfield>
      </datafield>
      <datafield tag="084" ind1=" " ind2=" ">
         <subfield code="a">11.36</subfield>
         <subfield code="2">bcl</subfield>
      </datafield>
      <datafield tag="084" ind1=" " ind2=" ">
         <subfield code="a">BC 7500</subfield>
         <subfield code="2">rvk</subfield>
      </datafield>
      <datafield tag="100" ind1="1" ind2=" ">
         <subfield code="a">Wright, G. Ernest</subfield>
         <subfield code="q">(George Ernest),</subfield>
         <subfield code="d">1909-1974.</subfield>
      </datafield>
      <datafield tag="245" ind1="1" ind2="0">
         <subfield code="a">God who acts :</subfield>
         <subfield code="b">Biblical theology as recital /</subfield>
         <subfield code="c">G. Ernest Wright.</subfield>
      </datafield>
      <datafield tag="260" ind1=" " ind2=" ">
         <subfield code="a">London :</subfield>
         <subfield code="b">SCM Press,</subfield>
         <subfield code="c">1952.</subfield>
      </datafield>
      <datafield tag="300" ind1=" " ind2=" ">
         <subfield code="a">132 p. ;</subfield>
         <subfield code="c">22 cm.</subfield>
      </datafield>
      <datafield tag="490" ind1="1" ind2=" ">
         <subfield code="a">Studies in Biblical theology ;</subfield>
         <subfield code="v">no. 8</subfield>
      </datafield>
      <datafield tag="504" ind1=" " ind2=" ">
         <subfield code="a">Includes bibliographical references and index.</subfield>
      </datafield>
      <datafield tag="500" ind1=" " ind2=" ">
         <subfield code="a">ISAW copy is from the Library of Hayim and Miriam Tadmor.</subfield>
         <subfield code="5">NNU</subfield>
      </datafield>
      <datafield tag="505" ind1="0" ind2=" ">
         <subfield code="a">The church's need of the Old Testament -- Theology as recital -- What God has done -- What man has done -- From recital to modern theology.</subfield>
      </datafield>
      <datafield tag="630" ind1="0" ind2="0">
         <subfield code="a">Bible</subfield>
         <subfield code="x">Theology.</subfield>
      </datafield>
      <datafield tag="630" ind1="0" ind2="7">
         <subfield code="a">Bible.</subfield>
         <subfield code="2">fast</subfield>
         <subfield code="0">(OCoLC)fst01356024</subfield>
      </datafield>
      <datafield tag="650" ind1=" " ind2="7">
         <subfield code="a">Theology.</subfield>
         <subfield code="2">fast</subfield>
         <subfield code="0">(OCoLC)fst01149559</subfield>
      </datafield>
      <datafield tag="796" ind1="1" ind2=" ">
         <subfield code="a">Tadmor, Hayim,</subfield>
         <subfield code="e">former owner.</subfield>
      </datafield>
      <datafield tag="796" ind1="1" ind2=" ">
         <subfield code="a">Tadmor, Miriam,</subfield>
         <subfield code="e">former owner.</subfield>
      </datafield>
      <datafield tag="797" ind1="2" ind2=" ">
         <subfield code="a">Tadmor Collection.</subfield>
      </datafield>
      <datafield tag="830" ind1=" " ind2="0">
         <subfield code="a">Studies in Biblical theology ;</subfield>
         <subfield code="v">no. 8.</subfield>
      </datafield>
      <datafield tag="994" ind1=" " ind2=" ">
         <subfield code="a">Z0</subfield>
         <subfield code="b">ZYU</subfield>
      </datafield>
      <datafield tag="OWN" ind1=" " ind2=" ">
         <subfield code="a">GENERAL</subfield>
      </datafield>
      <datafield tag="936" ind1=" " ind2=" ">
         <subfield code="a">PR 715540744</subfield>
      </datafield>
      <datafield tag="AVA" ind1=" " ind2=" ">
         <subfield code="a">NYU50</subfield>
         <subfield code="b">NISAW</subfield>
         <subfield code="c">Small Collection</subfield>
         <subfield code="d">BS543 .W75 1952</subfield>
         <subfield code="e">available</subfield>
         <subfield code="t">Available</subfield>
         <subfield code="f">1</subfield>
         <subfield code="g">0</subfield>
         <subfield code="h">N</subfield>
         <subfield code="i">0</subfield>
         <subfield code="j">SMALL</subfield>
         <subfield code="k">0</subfield>
      </datafield>
      <marc:datafield tag="852" ind1=" " ind2=" ">
         <marc:subfield code="b">Institute for the Study of the Ancient World, </marc:subfield>
         <marc:subfield code="c">Small Collection</marc:subfield>
         <marc:subfield code="e">15 East 84th St., </marc:subfield>
         <marc:subfield code="e">New York, NY  10028</marc:subfield>
      </marc:datafield>
   </record>