
  
  
  
  
  
  
 
  
  <record xsi:schemaLocation="http://www.loc.gov/MARC21/slim http://www.loc.gov/standards/marcxml/schema/MARC21slim.xsd">
      <leader>00000cam a2200277 a 4500</leader>
      <controlfield tag="FMT">BK</controlfield>
      <controlfield tag="LDR">00000cam a2200277 a 4500</controlfield>
      <controlfield tag="001">004014058</controlfield>
      <controlfield tag="003">OCoLC</controlfield>
      <controlfield tag="005">20140707110706.0</controlfield>
      <controlfield tag="008">140707m19631964nyu      b    001 0 eng d</controlfield>
      <datafield tag="035" ind1=" " ind2=" ">
         <subfield code="a">(OCoLC)427166200</subfield>
      </datafield>
      <datafield tag="040" ind1=" " ind2=" ">
         <subfield code="a">LGG</subfield>
         <subfield code="c">LGG</subfield>
         <subfield code="d">TLE</subfield>
         <subfield code="d">WTLBL</subfield>
         <subfield code="d">ITJCU</subfield>
         <subfield code="d">OCLCF</subfield>
         <subfield code="d">NNU</subfield>
      </datafield>
      <datafield tag="050" ind1=" " ind2="4">
         <subfield code="a">CB63</subfield>
         <subfield code="b">.T63 1963</subfield>
      </datafield>
      <datafield tag="082" ind1=" " ind2="4">
         <subfield code="a">901.9</subfield>
      </datafield>
      <datafield tag="100" ind1="1" ind2=" ">
         <subfield code="a">Toynbee, Arnold,</subfield>
         <subfield code="d">1889-1975.</subfield>
      </datafield>
      <datafield tag="245" ind1="1" ind2="2">
         <subfield code="a">A study of history /</subfield>
         <subfield code="c">Arnold J. Toynbee.</subfield>
      </datafield>
      <datafield tag="260" ind1=" " ind2=" ">
         <subfield code="a">New York ;</subfield>
         <subfield code="a">London :</subfield>
         <subfield code="b">Oxford University Press,</subfield>
         <subfield code="c">[1963-1964]</subfield>
      </datafield>
      <datafield tag="300" ind1=" " ind2=" ">
         <subfield code="a">12 v. in 13 ;</subfield>
         <subfield code="c">21 cm.</subfield>
      </datafield>
      <datafield tag="500" ind1=" " ind2=" ">
         <subfield code="a">"First issued under the auspices of the Royal Institute of International Affairs"--T.p. verso.</subfield>
      </datafield>
      <datafield tag="500" ind1=" " ind2=" ">
         <subfield code="a">ISAW copy is from the Library of Hayim and Miriam Tadmor.</subfield>
         <subfield code="5">NNU</subfield>
      </datafield>
      <datafield tag="504" ind1=" " ind2=" ">
         <subfield code="a">Includes bibliographical references and indexes.</subfield>
      </datafield>
      <datafield tag="505" ind1="0" ind2="0">
         <subfield code="g">v. 1.</subfield>
         <subfield code="t">Introduction ; The geneses of civilizations, part one --</subfield>
         <subfield code="g">v. 2.</subfield>
         <subfield code="t">Geneses of civilizations --</subfield>
         <subfield code="g">v. 3.</subfield>
         <subfield code="t">Growths of civilizations --</subfield>
         <subfield code="g">v. 4.</subfield>
         <subfield code="t">Breakdowns of civilizations --</subfield>
         <subfield code="g">v. 5.</subfield>
         <subfield code="t">Disintegrations of civilizations, part one --</subfield>
         <subfield code="g">v. 6.</subfield>
         <subfield code="t">Disintegrations of civilizations, part two --</subfield>
         <subfield code="g">v. 7a.</subfield>
         <subfield code="t">Universal states --</subfield>
         <subfield code="g">v. 7b.</subfield>
         <subfield code="t">Universal churches --</subfield>
         <subfield code="g">v. 8.</subfield>
         <subfield code="t">Contacts between civilizations in space --</subfield>
         <subfield code="g">v. 9.</subfield>
         <subfield code="t">Contacts between civilizations in time, law, and freedom in history --</subfield>
         <subfield code="g">v. 10.</subfield>
         <subfield code="t">Inspirations of historians --</subfield>
         <subfield code="g">v. 11.</subfield>
         <subfield code="t">Historical atlas and gazetteer --</subfield>
         <subfield code="g">v. 12.</subfield>
         <subfield code="t">Reconsiderations.</subfield>
      </datafield>
      <datafield tag="650" ind1=" " ind2="0">
         <subfield code="a">Civilization.</subfield>
      </datafield>
      <datafield tag="650" ind1=" " ind2="0">
         <subfield code="a">History</subfield>
         <subfield code="x">Philosophy.</subfield>
      </datafield>
      <datafield tag="650" ind1=" " ind2="7">
         <subfield code="a">Civilization.</subfield>
         <subfield code="2">fast</subfield>
         <subfield code="0">(OCoLC)fst00862898</subfield>
      </datafield>
      <datafield tag="650" ind1=" " ind2="7">
         <subfield code="a">History</subfield>
         <subfield code="x">Philosophy.</subfield>
         <subfield code="2">fast</subfield>
         <subfield code="0">(OCoLC)fst00958266</subfield>
      </datafield>
      <datafield tag="710" ind1="2" ind2=" ">
         <subfield code="a">Royal Institute of International Affairs.</subfield>
      </datafield>
      <datafield tag="796" ind1="1" ind2=" ">
         <subfield code="a">Tadmor, Hayim,</subfield>
         <subfield code="e">former owner.</subfield>
      </datafield>
      <datafield tag="796" ind1="1" ind2=" ">
         <subfield code="a">Tadmor, Miriam,</subfield>
         <subfield code="e">former owner.</subfield>
      </datafield>
      <datafield tag="797" ind1="2" ind2=" ">
         <subfield code="a">Tadmor Collection.</subfield>
      </datafield>
      <datafield tag="994" ind1=" " ind2=" ">
         <subfield code="a">Z0</subfield>
         <subfield code="b">ZYU</subfield>
      </datafield>
      <datafield tag="OWN" ind1=" " ind2=" ">
         <subfield code="a">GENERAL</subfield>
      </datafield>
      <datafield tag="AVA" ind1=" " ind2=" ">
         <subfield code="a">NYU50</subfield>
         <subfield code="b">NISAW</subfield>
         <subfield code="c">Small Collection</subfield>
         <subfield code="d">CB63 .T63 1963</subfield>
         <subfield code="e">available</subfield>
         <subfield code="t">Available</subfield>
         <subfield code="f">4</subfield>
         <subfield code="g">0</subfield>
         <subfield code="h">Y</subfield>
         <subfield code="i">0</subfield>
         <subfield code="j">SMALL</subfield>
         <subfield code="k">0</subfield>
      </datafield>
      <marc:datafield tag="852" ind1=" " ind2=" ">
         <marc:subfield code="b">Institute for the Study of the Ancient World, </marc:subfield>
         <marc:subfield code="c">Small Collection</marc:subfield>
         <marc:subfield code="e">15 East 84th St., </marc:subfield>
         <marc:subfield code="e">New York, NY  10028</marc:subfield>
      </marc:datafield>
   </record>