
  
  
  
  
  
  
  
 
  
  <record xsi:schemaLocation="http://www.loc.gov/MARC21/slim http://www.loc.gov/standards/marcxml/schema/MARC21slim.xsd">
      <leader>00000cam  2201057 a 4500</leader>
      <controlfield tag="FMT">BK</controlfield>
      <controlfield tag="LDR">00000cam  2201057 a 4500</controlfield>
      <controlfield tag="001">004014057</controlfield>
      <controlfield tag="003">OCoLC</controlfield>
      <controlfield tag="005">20140707111948.0</controlfield>
      <controlfield tag="008">140707s2011    cc       b    000 0 chi d</controlfield>
      <datafield tag="020" ind1=" " ind2=" ">
         <subfield code="a">9787501346158</subfield>
      </datafield>
      <datafield tag="020" ind1=" " ind2=" ">
         <subfield code="a">7501346151</subfield>
      </datafield>
      <datafield tag="035" ind1=" " ind2=" ">
         <subfield code="a">(OCoLC)783867012</subfield>
         <subfield code="z">(OCoLC)765811652</subfield>
      </datafield>
      <datafield tag="040" ind1=" " ind2=" ">
         <subfield code="a">LGG</subfield>
         <subfield code="b">eng</subfield>
         <subfield code="c">LGG</subfield>
         <subfield code="d">LGG</subfield>
         <subfield code="d">BCBTC</subfield>
         <subfield code="d">OCLCA</subfield>
         <subfield code="d">OCLCQ</subfield>
         <subfield code="d">OCLCO</subfield>
         <subfield code="d">NNU</subfield>
      </datafield>
      <datafield tag="043" ind1=" " ind2=" ">
         <subfield code="a">a-cc---</subfield>
      </datafield>
      <datafield tag="050" ind1=" " ind2="4">
         <subfield code="a">PL2470.Z7</subfield>
         <subfield code="b">Z86 2011</subfield>
      </datafield>
      <datafield tag="066" ind1=" " ind2=" ">
         <subfield code="c">$1</subfield>
      </datafield>
      <datafield tag="245" ind1="0" ind2="0">
         <subfield code="6">880-01</subfield>
         <subfield code="a">"Zuo zhuan" yan jiu wen xian ji kan /</subfield>
         <subfield code="c">Song Zhiying ji.</subfield>
      </datafield>
      <datafield tag="250" ind1=" " ind2=" ">
         <subfield code="6">880-02</subfield>
         <subfield code="a">Di 1 ban.</subfield>
      </datafield>
      <datafield tag="260" ind1=" " ind2=" ">
         <subfield code="6">880-03</subfield>
         <subfield code="a">Beijing :</subfield>
         <subfield code="b">Guo jia tu shu guan chu ban she,</subfield>
         <subfield code="c">2011.</subfield>
      </datafield>
      <datafield tag="300" ind1=" " ind2=" ">
         <subfield code="a">22 volumes ;</subfield>
         <subfield code="c">21 cm</subfield>
      </datafield>
      <datafield tag="336" ind1=" " ind2=" ">
         <subfield code="a">text</subfield>
         <subfield code="b">txt</subfield>
         <subfield code="2">rdacontent</subfield>
      </datafield>
      <datafield tag="337" ind1=" " ind2=" ">
         <subfield code="a">unmediated</subfield>
         <subfield code="b">n</subfield>
         <subfield code="2">rdamedia</subfield>
      </datafield>
      <datafield tag="338" ind1=" " ind2=" ">
         <subfield code="a">volume</subfield>
         <subfield code="b">nc</subfield>
         <subfield code="2">rdacarrier</subfield>
      </datafield>
      <datafield tag="504" ind1=" " ind2=" ">
         <subfield code="a">Includes bibliographical references.</subfield>
      </datafield>
      <datafield tag="505" ind1="1" ind2=" ">
         <subfield code="6">880-04</subfield>
         <subfield code="a">v. 1 Chun qiu Zuo zhuan bu shu wu juan / (Qing) Jiao Xun zhuan ; Zuo zhuan bu zhu yi juan / (Qing) Yao Nai zhuan;Chun qiu Zuo zhuan bu zhu san juan / (Qing) Ma Zonglian zhuan ; Zuo zhuan Du jie bu zheng / (Qing) Gu Yanwu zhuan. -- v. 2 Chun qiu Zuo shi zhuan bu zhu shi er juan / (Qing) Shen Qinhan zhuan. -- v. 3-5 Zuo zhuan qun jie hui bian / Zhu Songnian bian ji. -- v. 6 Chun qiu Zuo zhuan yi wen shi shi juan / (Qing) Sun Fusun zhuan. -- v. 7-8 Zuo zhuan wei ji shi shi er juan / Wu Kaisheng, Wang Ji ji shi. -- v. 9 Zuo zhuan Du zhu kan wei yi juan / (Qing) Lin Changyi zhuan -- v. 10 Zuo zhuan ping san juan / (Qing) Qian Daxin zhuan -- v. 11-12 Chun qiu Zuo zhuan shi ren shi er juan tong ming kao / (Qing) Fan Zhaoli zhuan -- v. 16-19 Zyuo zhuan shi wei / (Qing) Ma Su zhuan. -- v. 20-22 Zuo zhuan ji shi ben mo / (Qing) Gao Shiqi zhuan.</subfield>
      </datafield>
      <datafield tag="520" ind1=" " ind2=" ">
         <subfield code="6">880-05</subfield>
         <subfield code="a">Ben shu shi "Xian Qin dian ji yan jiu wen xian ji kan" de xi lie cong shu zhi yi. Jing xuan le li dai dui "Zui zhuan" de ding bu, jiao kan deng yan jiu wen xian, duo ming jia li zuo, ru Gu Yanwu de "Zuo zhuan Du zhu bu zheng", Gao Shiqi de "Zuo zhaun ji shi ben mo“, Mu Su de "Zhuan zhuan shi wei", Fan Zhaoli de "Chun qiu Zuo zhuan shi ren" deng deng, jun ju you zhong yao de wen xian li yong jia zhi.</subfield>
      </datafield>
      <datafield tag="600" ind1="1" ind2="0">
         <subfield code="a">Zuoqiu, Ming.</subfield>
         <subfield code="t">Zuo zhuan</subfield>
         <subfield code="6">880-06</subfield>
      </datafield>
      <datafield tag="600" ind1="0" ind2="0">
         <subfield code="a">Confucius.</subfield>
         <subfield code="t">Chun qiu</subfield>
         <subfield code="6">880-07</subfield>
      </datafield>
      <datafield tag="650" ind1=" " ind2="0">
         <subfield code="a">Chinese classics</subfield>
         <subfield code="x">History and criticism.</subfield>
      </datafield>
      <datafield tag="651" ind1=" " ind2="0">
         <subfield code="a">China</subfield>
         <subfield code="x">History</subfield>
         <subfield code="y">Spring and Autumn period, 722-481 B.C.</subfield>
      </datafield>
      <datafield tag="700" ind1="1" ind2=" ">
         <subfield code="6">880-08</subfield>
         <subfield code="a">Song, Zhiying.</subfield>
      </datafield>
      <datafield tag="700" ind1="1" ind2=" ">
         <subfield code="a">Jiao, Xun,</subfield>
         <subfield code="d">1763-1820</subfield>
         <subfield code="6">880-09</subfield>
         <subfield code="t">Chun qiu Zuo zhuan bu shu.</subfield>
      </datafield>
      <datafield tag="700" ind1="1" ind2=" ">
         <subfield code="a">Yao, Nai,</subfield>
         <subfield code="d">1732-1815</subfield>
         <subfield code="6">880-10</subfield>
         <subfield code="t">Zuo zhuan bu zhu.</subfield>
      </datafield>
      <datafield tag="700" ind1="1" ind2=" ">
         <subfield code="6">880-11</subfield>
         <subfield code="a">Ma, Zonglian,</subfield>
         <subfield code="d">-1802.</subfield>
         <subfield code="t">Chun qiu Zuo zhuan bu zhu.</subfield>
      </datafield>
      <datafield tag="700" ind1="1" ind2=" ">
         <subfield code="a">Gu, Yanwu,</subfield>
         <subfield code="d">1613-1682</subfield>
         <subfield code="6">880-12</subfield>
         <subfield code="t">Zuo zhuan Du jie bu zheng.</subfield>
      </datafield>
      <datafield tag="700" ind1="1" ind2=" ">
         <subfield code="a">Shen, Qinhan,</subfield>
         <subfield code="d">1775-1832</subfield>
         <subfield code="6">880-13</subfield>
         <subfield code="t">Chun qiu Zuo shi zhuan bu zhu.</subfield>
      </datafield>
      <datafield tag="700" ind1="1" ind2=" ">
         <subfield code="a">Li, Fusun,</subfield>
         <subfield code="d">1764-1843</subfield>
         <subfield code="6">880-14</subfield>
         <subfield code="t">Chun qiu Zuo zhuan yi wen shi.</subfield>
      </datafield>
      <datafield tag="700" ind1="1" ind2=" ">
         <subfield code="a">Wu, Kaisheng,</subfield>
         <subfield code="d">1877-1949</subfield>
         <subfield code="6">880-15</subfield>
         <subfield code="t">Zuo zhuang wei ji shi.</subfield>
      </datafield>
      <datafield tag="700" ind1="1" ind2=" ">
         <subfield code="a">Lin, Changyi,</subfield>
         <subfield code="d">1803-1876</subfield>
         <subfield code="6">880-16</subfield>
         <subfield code="t">Zuo zhuan Du zhu kan wei.</subfield>
      </datafield>
      <datafield tag="700" ind1="1" ind2=" ">
         <subfield code="a">Qian, Daxin,</subfield>
         <subfield code="d">1728-1804</subfield>
         <subfield code="6">880-17</subfield>
         <subfield code="t">Zuo zhuan ping.</subfield>
      </datafield>
      <datafield tag="700" ind1="1" ind2=" ">
         <subfield code="a">Fan, Zhaoli,</subfield>
         <subfield code="d">jin shi 1793</subfield>
         <subfield code="6">880-18</subfield>
         <subfield code="t">Chun qiu Zuo zhuan shi ren.</subfield>
      </datafield>
      <datafield tag="700" ind1="1" ind2=" ">
         <subfield code="a">Ma, Su,</subfield>
         <subfield code="d">1621-1673</subfield>
         <subfield code="6">880-19</subfield>
         <subfield code="t">Zuo zhuan shi wei.</subfield>
      </datafield>
      <datafield tag="700" ind1="1" ind2=" ">
         <subfield code="a">Gao, Shiqi,</subfield>
         <subfield code="d">1645-1704</subfield>
         <subfield code="6">880-20</subfield>
         <subfield code="t">Zuo zhuan ji shi ben mo.</subfield>
      </datafield>
      <datafield tag="740" ind1="0" ind2="2">
         <subfield code="6">880-21</subfield>
         <subfield code="a">Chun qiu Zuo zhuan bu shu.</subfield>
      </datafield>
      <datafield tag="740" ind1="0" ind2="2">
         <subfield code="6">880-22</subfield>
         <subfield code="a">Zuo zhuan bu zhu.</subfield>
      </datafield>
      <datafield tag="740" ind1="0" ind2="2">
         <subfield code="6">880-23</subfield>
         <subfield code="a">Chun qiu Zuo zhuan bu zhu.</subfield>
      </datafield>
      <datafield tag="740" ind1="0" ind2="2">
         <subfield code="6">880-24</subfield>
         <subfield code="a">Zuo zhuan Du jie bu zheng.</subfield>
      </datafield>
      <datafield tag="740" ind1="0" ind2="2">
         <subfield code="6">880-25</subfield>
         <subfield code="a">Chun qiu Zuo shi zhuan bu zhu.</subfield>
      </datafield>
      <datafield tag="740" ind1="0" ind2="2">
         <subfield code="6">880-26</subfield>
         <subfield code="a">Chun qiu Zuo zhuan yi wen shi.</subfield>
      </datafield>
      <datafield tag="740" ind1="0" ind2="2">
         <subfield code="6">880-27</subfield>
         <subfield code="a">Zuo zhuan wei ji shi.</subfield>
      </datafield>
      <datafield tag="740" ind1="0" ind2="2">
         <subfield code="6">880-28</subfield>
         <subfield code="a">Zuo zhuan Du zhu kan wei.</subfield>
      </datafield>
      <datafield tag="740" ind1="0" ind2="2">
         <subfield code="6">880-29</subfield>
         <subfield code="a">Zuo zhuan ping.</subfield>
      </datafield>
      <datafield tag="740" ind1="0" ind2="2">
         <subfield code="6">880-30</subfield>
         <subfield code="a">Chun qiu Zuo zhuan shi ren.</subfield>
      </datafield>
      <datafield tag="740" ind1="0" ind2="2">
         <subfield code="6">880-31</subfield>
         <subfield code="a">Zuo zhuan ji shi ben mo.</subfield>
      </datafield>
      <datafield tag="880" ind1="0" ind2="0">
         <subfield code="6">245-01/</subfield>
         <subfield code="a">"左傳"研究文獻辑刊 /</subfield>
         <subfield code="c">宋志英辑.</subfield>
      </datafield>
      <datafield tag="880" ind1=" " ind2=" ">
         <subfield code="6">250-02/</subfield>
         <subfield code="a">第1版.</subfield>
      </datafield>
      <datafield tag="880" ind1=" " ind2=" ">
         <subfield code="6">260-03/</subfield>
         <subfield code="a">北京 :</subfield>
         <subfield code="b">國家圖書館出版社,</subfield>
         <subfield code="c">2011.</subfield>
      </datafield>
      <datafield tag="880" ind1="1" ind2=" ">
         <subfield code="6">505-04/</subfield>
         <subfield code="a">v. 1 春秋左傳補疏五卷 / (清)焦循撰 ; 左傳補注一卷 / (清)姚鼐撰 ; 春秋左傳補注三卷 / (清)馬宗璉撰; 左傳杜解補正三卷 / (清)顧炎武撰. -- v. 2 春秋左氏傳補注十二卷 /(清)沈欽韓撰. -- v. 3-5 左傅群解彙編 / 祝崧年編辑. -- v. 6 春秋左傳異文釋十卷 / (清)李富孫撰. -- v. 7-8 左傳微集释十二卷 / 吴闓生, 王级集释. -- v. 9 左傳杜注勘譌一卷 /(清)林昌彝撰. -- v. 10 左傅評三卷 / (清)钱大昕撰 -- v. 11-12 春秋左傳釋人十二卷同名考 / (清)范照藜撰. -- v. 16-19 左傳事緯 / (清)馬驌撰. -- v. 20-22 左傳紀事本末/(清)高士奇撰.</subfield>
      </datafield>
      <datafield tag="880" ind1=" " ind2=" ">
         <subfield code="6">520-05/</subfield>
         <subfield code="a">本书是"先秦典籍研究文献辑刊"的系列丛书之一.精选了历代对"左传"的订补, 校勘等研究文献, 多名家力作, 如顾炎武的"左传杜注补正", 高士奇的"左传纪事本末", 马骕的"左传事纬", 范照黎的"春秋左传释人"等等, 均具有重要的文献利用价值.</subfield>
      </datafield>
      <datafield tag="880" ind1="1" ind2="4">
         <subfield code="6">600-06/</subfield>
         <subfield code="a">左秋明.</subfield>
         <subfield code="t">左傳.</subfield>
      </datafield>
      <datafield tag="880" ind1="0" ind2="4">
         <subfield code="6">600-07/</subfield>
         <subfield code="a">Confucius.</subfield>
         <subfield code="t">春秋.</subfield>
      </datafield>
      <datafield tag="880" ind1="1" ind2=" ">
         <subfield code="6">700-08/</subfield>
         <subfield code="a">宋志英.</subfield>
      </datafield>
      <datafield tag="880" ind1="1" ind2=" ">
         <subfield code="6">700-09/</subfield>
         <subfield code="a">焦循,</subfield>
         <subfield code="d">1763-1820.</subfield>
         <subfield code="t">春秋左傳補疏.</subfield>
      </datafield>
      <datafield tag="880" ind1="1" ind2=" ">
         <subfield code="6">700-10/</subfield>
         <subfield code="a">姚鼐,</subfield>
         <subfield code="d">1732-1815.</subfield>
         <subfield code="t">左傳補注.</subfield>
      </datafield>
      <datafield tag="880" ind1="1" ind2=" ">
         <subfield code="6">700-11/</subfield>
         <subfield code="a">馬宗璉,</subfield>
         <subfield code="d">-1802.</subfield>
         <subfield code="t">春秋左傳補注.</subfield>
      </datafield>
      <datafield tag="880" ind1="1" ind2=" ">
         <subfield code="6">700-12/</subfield>
         <subfield code="a">顧炎武,</subfield>
         <subfield code="d">1613-1682.</subfield>
         <subfield code="t">左傳杜解補正.</subfield>
      </datafield>
      <datafield tag="880" ind1="1" ind2=" ">
         <subfield code="6">700-13/</subfield>
         <subfield code="a">沈欽韓,</subfield>
         <subfield code="d">1775-1832.</subfield>
         <subfield code="t">春秋左氏傳補注.</subfield>
      </datafield>
      <datafield tag="880" ind1="1" ind2=" ">
         <subfield code="6">700-14/</subfield>
         <subfield code="a">李富孫,</subfield>
         <subfield code="d">1764-1843.</subfield>
         <subfield code="t">春秋左傳異文釋.</subfield>
      </datafield>
      <datafield tag="880" ind1="1" ind2=" ">
         <subfield code="6">700-15/</subfield>
         <subfield code="a">吴闓生,</subfield>
         <subfield code="d">1877-1949.</subfield>
         <subfield code="t">左傳微集释.</subfield>
      </datafield>
      <datafield tag="880" ind1="1" ind2=" ">
         <subfield code="6">700-16/</subfield>
         <subfield code="a">林昌彝,</subfield>
         <subfield code="d">1803-1876.</subfield>
         <subfield code="t">左傳杜注勘譌.</subfield>
      </datafield>
      <datafield tag="880" ind1="1" ind2=" ">
         <subfield code="6">700-17/</subfield>
         <subfield code="a">錢大昕,</subfield>
         <subfield code="d">1728-1804.</subfield>
         <subfield code="t">左傅評.</subfield>
      </datafield>
      <datafield tag="880" ind1="1" ind2=" ">
         <subfield code="6">700-18/</subfield>
         <subfield code="a">范照藜,</subfield>
         <subfield code="d">1793年進士.</subfield>
         <subfield code="t">春秋左傳釋人.</subfield>
      </datafield>
      <datafield tag="880" ind1="1" ind2=" ">
         <subfield code="6">700-19/</subfield>
         <subfield code="a">馬驌,</subfield>
         <subfield code="d">1621-1673.</subfield>
         <subfield code="t">左傳事緯.</subfield>
      </datafield>
      <datafield tag="880" ind1="1" ind2=" ">
         <subfield code="6">700-20/</subfield>
         <subfield code="a">高士奇,</subfield>
         <subfield code="d">1645-1704.</subfield>
         <subfield code="t">左傳紀事本末.</subfield>
      </datafield>
      <datafield tag="880" ind1="0" ind2="2">
         <subfield code="6">740-21/</subfield>
         <subfield code="a">春秋左傳補疏.</subfield>
      </datafield>
      <datafield tag="880" ind1="0" ind2="2">
         <subfield code="6">740-22/</subfield>
         <subfield code="a">左傳補注.</subfield>
      </datafield>
      <datafield tag="880" ind1="0" ind2="2">
         <subfield code="6">740-23/</subfield>
         <subfield code="a">春秋左傳補注.</subfield>
      </datafield>
      <datafield tag="880" ind1="0" ind2="2">
         <subfield code="6">740-24/</subfield>
         <subfield code="a">左傳杜解補正.</subfield>
      </datafield>
      <datafield tag="880" ind1="0" ind2="2">
         <subfield code="6">740-25/</subfield>
         <subfield code="a">春秋左氏傳補注.</subfield>
      </datafield>
      <datafield tag="880" ind1="0" ind2="2">
         <subfield code="6">740-26/</subfield>
         <subfield code="a">春秋左傳異文釋.</subfield>
      </datafield>
      <datafield tag="880" ind1="0" ind2="2">
         <subfield code="6">740-27/</subfield>
         <subfield code="a">左傳微集释.</subfield>
      </datafield>
      <datafield tag="880" ind1="0" ind2="2">
         <subfield code="6">740-28/</subfield>
         <subfield code="a">左傳杜注勘譌.</subfield>
      </datafield>
      <datafield tag="880" ind1="0" ind2="2">
         <subfield code="6">740-29/</subfield>
         <subfield code="a">左傅評.</subfield>
      </datafield>
      <datafield tag="880" ind1="0" ind2="2">
         <subfield code="6">740-30/</subfield>
         <subfield code="a">春秋左傳釋人.</subfield>
      </datafield>
      <datafield tag="880" ind1="0" ind2="2">
         <subfield code="6">740-31/</subfield>
         <subfield code="a">左傳紀事本末.</subfield>
      </datafield>
      <datafield tag="994" ind1=" " ind2=" ">
         <subfield code="a">Z0</subfield>
         <subfield code="b">ZYU</subfield>
      </datafield>
      <datafield tag="OWN" ind1=" " ind2=" ">
         <subfield code="a">GENERAL</subfield>
      </datafield>
      <datafield tag="AVA" ind1=" " ind2=" ">
         <subfield code="a">NYU50</subfield>
         <subfield code="b">NISAW</subfield>
         <subfield code="c">Small Collection</subfield>
         <subfield code="d">PL2470.Z7 Z86 2011</subfield>
         <subfield code="e">available</subfield>
         <subfield code="t">Available</subfield>
         <subfield code="f">22</subfield>
         <subfield code="g">0</subfield>
         <subfield code="h">Y</subfield>
         <subfield code="i">0</subfield>
         <subfield code="j">SMALL</subfield>
         <subfield code="k">0</subfield>
      </datafield>
      <marc:datafield tag="852" ind1=" " ind2=" ">
         <marc:subfield code="b">Institute for the Study of the Ancient World, </marc:subfield>
         <marc:subfield code="c">Small Collection</marc:subfield>
         <marc:subfield code="e">15 East 84th St., </marc:subfield>
         <marc:subfield code="e">New York, NY  10028</marc:subfield>
      </marc:datafield>
   </record>