
  
  
  
  
  
  
 
  
  <record xsi:schemaLocation="http://www.loc.gov/MARC21/slim http://www.loc.gov/standards/marcxml/schema/MARC21slim.xsd">
      <leader>00000cam a2200325 a 45M</leader>
      <controlfield tag="FMT">BK</controlfield>
      <controlfield tag="LDR">00000cam a2200325 a 45M</controlfield>
      <controlfield tag="001">002208627</controlfield>
      <controlfield tag="003">NNU</controlfield>
      <controlfield tag="005">20140707084649.0</controlfield>
      <controlfield tag="008">941208s1994    is abe   b    001 0 eng d</controlfield>
      <datafield tag="020" ind1=" " ind2=" ">
         <subfield code="a">9652171174</subfield>
      </datafield>
      <datafield tag="020" ind1=" " ind2=" ">
         <subfield code="a">1880317206</subfield>
      </datafield>
      <datafield tag="035" ind1="9" ind2=" ">
         <subfield code="a">NYUb11252116</subfield>
      </datafield>
      <datafield tag="035" ind1=" " ind2=" ">
         <subfield code="a">ocm31190133</subfield>
      </datafield>
      <datafield tag="040" ind1=" " ind2=" ">
         <subfield code="a">OSU</subfield>
         <subfield code="c">OSU</subfield>
         <subfield code="d">MZN</subfield>
         <subfield code="d">NNU</subfield>
      </datafield>
      <datafield tag="041" ind1="1" ind2=" ">
         <subfield code="a">eng</subfield>
         <subfield code="h">heb</subfield>
      </datafield>
      <datafield tag="043" ind1=" " ind2=" ">
         <subfield code="a">a-is---</subfield>
      </datafield>
      <datafield tag="050" ind1=" " ind2="4">
         <subfield code="a">DS111</subfield>
         <subfield code="b">.F76 1994</subfield>
      </datafield>
      <datafield tag="050" ind1=" " ind2="4">
         <subfield code="a">DS111.A2</subfield>
         <subfield code="b">F76 1994</subfield>
      </datafield>
      <datafield tag="245" ind1="0" ind2="0">
         <subfield code="a">From nomadism to monarchy :</subfield>
         <subfield code="b">archaeological and historical aspects of early Israel /</subfield>
         <subfield code="c">edited by Israel Finkelstein and Nadav Na'aman.</subfield>
      </datafield>
      <datafield tag="260" ind1=" " ind2=" ">
         <subfield code="a">Jerusalem :</subfield>
         <subfield code="b">Yad Izhak Ben-Zvi :</subfield>
         <subfield code="b">Israel Exploration Society ;</subfield>
         <subfield code="a">Washington :</subfield>
         <subfield code="b">Biblical Archaeology Society,</subfield>
         <subfield code="c">c1994.</subfield>
      </datafield>
      <datafield tag="300" ind1=" " ind2=" ">
         <subfield code="a">399 p. :</subfield>
         <subfield code="b">ill., maps, plans ;</subfield>
         <subfield code="c">25 cm.</subfield>
      </datafield>
      <datafield tag="500" ind1=" " ind2=" ">
         <subfield code="a">"This is an extended and updated version of the Hebrew book [Mi-naṿadut li-melukhah] (published in Jerusalem in 1990) ... All the articles were revised and updated, and two papers are published in this volume for the first time"--P. 14.</subfield>
      </datafield>
      <datafield tag="500" ind1=" " ind2=" ">
         <subfield code="a">ISAW copy is from the Library of Hayim and Miriam Tadmor.</subfield>
         <subfield code="5">NNU</subfield>
      </datafield>
      <datafield tag="504" ind1=" " ind2=" ">
         <subfield code="a">Includes bibliographical references and indexes</subfield>
      </datafield>
      <datafield tag="505" ind1="0" ind2="0">
         <subfield code="t">Introduction : From nomadism to monarchy : the state of research in 1992 /</subfield>
         <subfield code="r">Israel Finkelstein, Nadav Na'aman --</subfield>
         <subfield code="t">Upper Galilee in the Late Bronze-Iron I transition /</subfield>
         <subfield code="r">Rafael Frankel --</subfield>
         <subfield code="t">Iron I in Lower Galilee and the margins of the Jezreel Valley /</subfield>
         <subfield code="r">Zvi Gal --</subfield>
         <subfield code="t">"To the land of the perizzites and the giants" : on the Israelite settlement in the hill country of Manasseh /</subfield>
         <subfield code="r">Adam Zertal --</subfield>
         <subfield code="t">Jerusalem and its vicinity in Iron Age I /</subfield>
         <subfield code="r">Amihai Mazar --</subfield>
         <subfield code="t">"All the hill country of Judah" : from a settlement fringe to a prosperous monarchy /</subfield>
         <subfield code="r">Avi Ofer --</subfield>
         <subfield code="t">Beer-Sheba Valley : from nomadism to monarchy /</subfield>
         <subfield code="r">Ze'ev Herzog --</subfield>
         <subfield code="t">Emergence of Israel : a phase in the cyclic history of Canaan in the third and second millenia BCE /</subfield>
         <subfield code="r">Israel Finkelstein --</subfield>
         <subfield code="t">Socio-political transformations in the central hill country in the Late Bronze-Iron I transition /</subfield>
         <subfield code="r">Shlomo Bunimovitz --</subfield>
         <subfield code="t">Theoretical speculations on the transition from nomadism to monarchy /</subfield>
         <subfield code="r">Juval Portugali --</subfield>
         <subfield code="t">"Conquest of Canaan" in the Book of Joshua and in history /</subfield>
         <subfield code="r">Nadav Na'aman --</subfield>
         <subfield code="t">Egyptians, Canaanites, and Philistines in the period of the emergence of Israel /</subfield>
         <subfield code="r">Itamar Singer --</subfield>
         <subfield code="t">Subsistence economy in Iron Age I /</subfield>
         <subfield code="r">Baruch Rosen --</subfield>
         <subfield code="t">Cult-stands from Taanach : aspects of the iconographic tradition of Early Iron Age cult objects in Palestine /</subfield>
         <subfield code="r">Pirhiya Beck.</subfield>
      </datafield>
      <datafield tag="651" ind1=" " ind2="0">
         <subfield code="a">Palestine</subfield>
         <subfield code="x">Antiquities.</subfield>
      </datafield>
      <datafield tag="650" ind1=" " ind2="0">
         <subfield code="a">Jews</subfield>
         <subfield code="x">History</subfield>
         <subfield code="y">To 1200 B.C.</subfield>
      </datafield>
      <datafield tag="650" ind1=" " ind2="0">
         <subfield code="a">Bronze age</subfield>
         <subfield code="z">Palestine.</subfield>
      </datafield>
      <datafield tag="650" ind1=" " ind2="0">
         <subfield code="a">Iron age</subfield>
         <subfield code="z">Palestine.</subfield>
      </datafield>
      <datafield tag="700" ind1="1" ind2=" ">
         <subfield code="a">Finkelstein, Israel</subfield>
         <subfield code="e">ed.</subfield>
      </datafield>
      <datafield tag="700" ind1="1" ind2=" ">
         <subfield code="a">Naʼaman, Nadav,</subfield>
         <subfield code="e">ed.</subfield>
      </datafield>
      <datafield tag="740" ind1="0" ind2=" ">
         <subfield code="a">Mi-naṿadut li-melukhah.</subfield>
      </datafield>
      <datafield tag="796" ind1="1" ind2=" ">
         <subfield code="a">Tadmor, Hayim,</subfield>
         <subfield code="e">former owner.</subfield>
      </datafield>
      <datafield tag="796" ind1="1" ind2=" ">
         <subfield code="a">Tadmor, Miriam,</subfield>
         <subfield code="e">former owner.</subfield>
      </datafield>
      <datafield tag="797" ind1="2" ind2=" ">
         <subfield code="a">Tadmor Collection.</subfield>
      </datafield>
      <datafield tag="OWN" ind1=" " ind2=" ">
         <subfield code="a">GENERAL</subfield>
      </datafield>
      <datafield tag="AVA" ind1=" " ind2=" ">
         <subfield code="a">NYU50</subfield>
         <subfield code="b">BOBST</subfield>
         <subfield code="c">Main Collection</subfield>
         <subfield code="d">DS111.A2 F76 1994</subfield>
         <subfield code="e">available</subfield>
         <subfield code="t">Available</subfield>
         <subfield code="f">1</subfield>
         <subfield code="g">0</subfield>
         <subfield code="h">N</subfield>
         <subfield code="i">18</subfield>
         <subfield code="j">MAIN</subfield>
         <subfield code="k">0</subfield>
      </datafield>
      <datafield tag="AVA" ind1=" " ind2=" ">
         <subfield code="a">NYU50</subfield>
         <subfield code="b">NISAW</subfield>
         <subfield code="c">Small Collection</subfield>
         <subfield code="d">DS111 .F76 1994</subfield>
         <subfield code="e">available</subfield>
         <subfield code="t">Available</subfield>
         <subfield code="f">1</subfield>
         <subfield code="g">0</subfield>
         <subfield code="h">N</subfield>
         <subfield code="i">0</subfield>
         <subfield code="j">SMALL</subfield>
         <subfield code="k">0</subfield>
      </datafield>
      <marc:datafield tag="852" ind1=" " ind2=" ">
         <marc:subfield code="b">Institute for the Study of the Ancient World, </marc:subfield>
         <marc:subfield code="c">Small Collection</marc:subfield>
         <marc:subfield code="e">15 East 84th St., </marc:subfield>
         <marc:subfield code="e">New York, NY  10028</marc:subfield>
      </marc:datafield>
   </record>