
  
  
  
  
  
 
  
  <record xsi:schemaLocation="http://www.loc.gov/MARC21/slim http://www.loc.gov/standards/marcxml/schema/MARC21slim.xsd">
      <leader>00000cam a2200481 i 4500</leader>
      <controlfield tag="FMT">BK</controlfield>
      <controlfield tag="LDR">00000cam a2200481 i 4500</controlfield>
      <controlfield tag="001">004015430</controlfield>
      <controlfield tag="003">OCoLC</controlfield>
      <controlfield tag="005">20140710122529.0</controlfield>
      <controlfield tag="008">140710t20132013iluac    b    001 0 eng</controlfield>
      <datafield tag="010" ind1=" " ind2=" ">
         <subfield code="a">2013027925</subfield>
      </datafield>
      <datafield tag="020" ind1=" " ind2=" ">
         <subfield code="a">9781588861177 (hardcover : alk. paper)</subfield>
      </datafield>
      <datafield tag="020" ind1=" " ind2=" ">
         <subfield code="a">1588861171 (alk. paper)</subfield>
      </datafield>
      <datafield tag="024" ind1="8" ind2=" ">
         <subfield code="a">99956529686</subfield>
      </datafield>
      <datafield tag="035" ind1=" " ind2=" ">
         <subfield code="a">(OCoLC)852958238</subfield>
         <subfield code="z">(OCoLC)870425214</subfield>
      </datafield>
      <datafield tag="040" ind1=" " ind2=" ">
         <subfield code="a">DLC</subfield>
         <subfield code="e">rda</subfield>
         <subfield code="b">eng</subfield>
         <subfield code="c">DLC</subfield>
         <subfield code="d">YDX</subfield>
         <subfield code="d">OCLCO</subfield>
         <subfield code="d">YDXCP</subfield>
         <subfield code="d">AU@</subfield>
         <subfield code="d">NNU</subfield>
      </datafield>
      <datafield tag="042" ind1=" " ind2=" ">
         <subfield code="a">pcc</subfield>
      </datafield>
      <datafield tag="043" ind1=" " ind2=" ">
         <subfield code="a">a-kr---</subfield>
         <subfield code="a">a-ja---</subfield>
      </datafield>
      <datafield tag="050" ind1="0" ind2="0">
         <subfield code="a">N72.H58</subfield>
         <subfield code="b">A73 2013</subfield>
      </datafield>
      <datafield tag="082" ind1="0" ind2="0">
         <subfield code="a">709.519</subfield>
         <subfield code="2">23</subfield>
      </datafield>
      <datafield tag="245" ind1="0" ind2="0">
         <subfield code="a">Archaism and antiquarianism in Korean and Japanese art /</subfield>
         <subfield code="c">edited by Elizabeth Lillehoj.</subfield>
      </datafield>
      <datafield tag="264" ind1=" " ind2="1">
         <subfield code="a">Chicago :</subfield>
         <subfield code="b">Center for the Art of East Asia, University of Chicago ;</subfield>
         <subfield code="b">Art Media Resrouces,</subfield>
         <subfield code="c">[2013]</subfield>
      </datafield>
      <datafield tag="264" ind1=" " ind2="4">
         <subfield code="a">©2013</subfield>
      </datafield>
      <datafield tag="300" ind1=" " ind2=" ">
         <subfield code="a">240 pages :</subfield>
         <subfield code="b">illustrations (chiefly color), portraits ;</subfield>
         <subfield code="c">27 cm</subfield>
      </datafield>
      <datafield tag="336" ind1=" " ind2=" ">
         <subfield code="a">text</subfield>
         <subfield code="2">rdacontent</subfield>
      </datafield>
      <datafield tag="337" ind1=" " ind2=" ">
         <subfield code="a">unmediated</subfield>
         <subfield code="2">rdamedia</subfield>
      </datafield>
      <datafield tag="338" ind1=" " ind2=" ">
         <subfield code="a">volume</subfield>
         <subfield code="2">rdacarrier</subfield>
      </datafield>
      <datafield tag="504" ind1=" " ind2=" ">
         <subfield code="a">Includes bibliographical references and index.</subfield>
      </datafield>
      <datafield tag="505" ind1="0" ind2="0">
         <subfield code="g">I. Reimagining the past.</subfield>
         <subfield code="t">From temple workshop to urban atelier : Buddhist sculpture in Japan in the tenth century /</subfield>
         <subfield code="r">Samuel C. Morse --</subfield>
         <subfield code="t">Myth, memory, and the scrolls of the Mongol invasions of Japan /</subfield>
         <subfield code="r">Thomas D. Conlan --</subfield>
         <subfield code="t">Collection and production of picture scrolls by eht Ashikaga shoguns /</subfield>
         <subfield code="r">Akira Takagishi --</subfield>
         <subfield code="g">II. Collectors, patrons, and connoisseurs.</subfield>
         <subfield code="t">Sin Sukju's record on the painting collection of Prince Anpyeong and early Joseon antiquarianism /</subfield>
         <subfield code="r">Burglind Jungmann --</subfield>
         <subfield code="t">Ambivalence and indulgence : the moral geography of collectors in late Joseon Korea /</subfield>
         <subfield code="r">Chin-Sung Chang --</subfield>
         <subfield code="t">Court ceremonies, imperial power, and Emperor Go-Mizunoo as chakravartin /</subfield>
         <subfield code="r">Elizabeth Lillehoj --</subfield>
         <subfield code="g">III. Facing challenges to the tradition.</subfield>
         <subfield code="t">Shared legacy, recreated sites : Nine-bends Stream paintings of the Joseon period /</subfield>
         <subfield code="r">Jiyeon Kim --</subfield>
         <subfield code="t">Ninagawa Noritane, Edward Sylvester Morse, and early Meiji antiquarians /</subfield>
         <subfield code="r">Hiroyuki Suzuki --</subfield>
         <subfield code="t">Architectural antiquarianism, Japanese models, and the construction of a modern empire at the 1873 Vienna and 1910 Japan-British exhibitions /</subfield>
         <subfield code="r">William H. Coaldrake.</subfield>
      </datafield>
      <datafield tag="650" ind1=" " ind2="0">
         <subfield code="a">Art and history</subfield>
         <subfield code="z">Korea.</subfield>
      </datafield>
      <datafield tag="650" ind1=" " ind2="0">
         <subfield code="a">Art and history</subfield>
         <subfield code="z">Japan.</subfield>
      </datafield>
      <datafield tag="650" ind1=" " ind2="0">
         <subfield code="a">Art, Korean</subfield>
         <subfield code="x">Themes, motives.</subfield>
      </datafield>
      <datafield tag="650" ind1=" " ind2="0">
         <subfield code="a">Art, Japanese</subfield>
         <subfield code="x">Themes, motives.</subfield>
      </datafield>
      <datafield tag="650" ind1=" " ind2="0">
         <subfield code="a">Historicism in art.</subfield>
      </datafield>
      <datafield tag="700" ind1="1" ind2=" ">
         <subfield code="a">Lillehoj, Elizabeth</subfield>
         <subfield code="e">contributor,</subfield>
         <subfield code="e">editor of compilation.</subfield>
      </datafield>
      <datafield tag="994" ind1=" " ind2=" ">
         <subfield code="a">Z0</subfield>
         <subfield code="b">ZYU</subfield>
      </datafield>
      <datafield tag="OWN" ind1=" " ind2=" ">
         <subfield code="a">GENERAL</subfield>
      </datafield>
      <datafield tag="936" ind1=" " ind2=" ">
         <subfield code="a">PR 870575167 873406723</subfield>
      </datafield>
      <datafield tag="AVA" ind1=" " ind2=" ">
         <subfield code="a">NYU50</subfield>
         <subfield code="b">NISAW</subfield>
         <subfield code="c">Small Collection</subfield>
         <subfield code="d">N72.H58 A73 2013</subfield>
         <subfield code="e">available</subfield>
         <subfield code="t">Available</subfield>
         <subfield code="f">1</subfield>
         <subfield code="g">0</subfield>
         <subfield code="h">N</subfield>
         <subfield code="i">0</subfield>
         <subfield code="j">SMALL</subfield>
         <subfield code="k">0</subfield>
      </datafield>
      <marc:datafield tag="852" ind1=" " ind2=" ">
         <marc:subfield code="b">Institute for the Study of the Ancient World, </marc:subfield>
         <marc:subfield code="c">Small Collection</marc:subfield>
         <marc:subfield code="e">15 East 84th St., </marc:subfield>
         <marc:subfield code="e">New York, NY  10028</marc:subfield>
      </marc:datafield>
   </record>