
  
  
  
  
  
 
  
  <record xsi:schemaLocation="http://www.loc.gov/MARC21/slim http://www.loc.gov/standards/marcxml/schema/MARC21slim.xsd">
      <leader>00000cam  2200709 a 4500</leader>
      <controlfield tag="FMT">BK</controlfield>
      <controlfield tag="LDR">00000cam  2200709 a 4500</controlfield>
      <controlfield tag="001">004017261</controlfield>
      <controlfield tag="003">OCoLC</controlfield>
      <controlfield tag="005">20140714150003.0</controlfield>
      <controlfield tag="008">140714s2003    cc abf        000 0 chi d</controlfield>
      <datafield tag="010" ind1=" " ind2=" ">
         <subfield code="a">2004382310</subfield>
      </datafield>
      <datafield tag="020" ind1=" " ind2=" ">
         <subfield code="a">7030101677</subfield>
      </datafield>
      <datafield tag="020" ind1=" " ind2=" ">
         <subfield code="a">9787030101679</subfield>
      </datafield>
      <datafield tag="035" ind1=" " ind2=" ">
         <subfield code="a">(OCoLC)54491947</subfield>
      </datafield>
      <datafield tag="040" ind1=" " ind2=" ">
         <subfield code="a">GZM</subfield>
         <subfield code="b">eng</subfield>
         <subfield code="c">GZM</subfield>
         <subfield code="d">DLC</subfield>
         <subfield code="d">PIT</subfield>
         <subfield code="d">CLU</subfield>
         <subfield code="d">WAU</subfield>
         <subfield code="d">OCLCA</subfield>
         <subfield code="d">OCLCF</subfield>
         <subfield code="d">BCBTC</subfield>
         <subfield code="d">NNU</subfield>
      </datafield>
      <datafield tag="041" ind1="0" ind2=" ">
         <subfield code="a">chi</subfield>
         <subfield code="b">eng</subfield>
      </datafield>
      <datafield tag="042" ind1=" " ind2=" ">
         <subfield code="a">lccopycat</subfield>
      </datafield>
      <datafield tag="043" ind1=" " ind2=" ">
         <subfield code="a">a-cc-ss</subfield>
      </datafield>
      <datafield tag="050" ind1="0" ind2="0">
         <subfield code="a">DS797.68.H834</subfield>
         <subfield code="b">H833 2003</subfield>
      </datafield>
      <datafield tag="050" ind1=" " ind2="4">
         <subfield code="a">GN776.2.Y27</subfield>
         <subfield code="b">H83 2003</subfield>
      </datafield>
      <datafield tag="066" ind1=" " ind2=" ">
         <subfield code="c">$1</subfield>
      </datafield>
      <datafield tag="245" ind1="0" ind2="0">
         <subfield code="6">880-01</subfield>
         <subfield code="a">Hua Xian Quanhu Cun /</subfield>
         <subfield code="c">Beijing da xue kao gu xue xi zhu ; Zhongguo she hui ke xue yuan kao gu yan jiu suo bian.</subfield>
      </datafield>
      <datafield tag="246" ind1="1" ind2="5">
         <subfield code="a">Huaxian Quanhucun</subfield>
      </datafield>
      <datafield tag="250" ind1=" " ind2=" ">
         <subfield code="6">880-02</subfield>
         <subfield code="a">Di 1 ban.</subfield>
      </datafield>
      <datafield tag="260" ind1=" " ind2=" ">
         <subfield code="6">880-03</subfield>
         <subfield code="a">Beijing :</subfield>
         <subfield code="b">Ke xue chu ban she,</subfield>
         <subfield code="c">2003.</subfield>
      </datafield>
      <datafield tag="300" ind1=" " ind2=" ">
         <subfield code="a">vii, 135 p. 64 p. of plates :</subfield>
         <subfield code="b">ill. (some col.), maps ;</subfield>
         <subfield code="c">27 cm.</subfield>
      </datafield>
      <datafield tag="490" ind1="1" ind2=" ">
         <subfield code="6">880-04</subfield>
         <subfield code="a">Zhongguo tian ye kao gu bao gao ji. Kao gu xue zhuan kan. Ding zhong ;</subfield>
         <subfield code="v">Di 63 hao</subfield>
      </datafield>
      <datafield tag="490" ind1="1" ind2=" ">
         <subfield code="6">880-05</subfield>
         <subfield code="a">Huang He shui ku kao gu bao gao ;</subfield>
         <subfield code="v">6</subfield>
      </datafield>
      <datafield tag="546" ind1=" " ind2=" ">
         <subfield code="a">Abstract in English.</subfield>
      </datafield>
      <datafield tag="504" ind1=" " ind2=" ">
         <subfield code="a">Includes bibliographical references.</subfield>
      </datafield>
      <datafield tag="650" ind1=" " ind2="0">
         <subfield code="a">Yangshao culture.</subfield>
      </datafield>
      <datafield tag="650" ind1=" " ind2="0">
         <subfield code="a">Excavations (Archaeology)</subfield>
         <subfield code="z">China</subfield>
         <subfield code="z">Hua Xian (Shaanxi Sheng)</subfield>
      </datafield>
      <datafield tag="651" ind1=" " ind2="0">
         <subfield code="a">Hua Xian (Shaanxi Sheng, China)</subfield>
         <subfield code="6">880-06</subfield>
         <subfield code="x">Antiquities.</subfield>
      </datafield>
      <datafield tag="650" ind1=" " ind2="7">
         <subfield code="a">Antiquities.</subfield>
         <subfield code="2">fast</subfield>
         <subfield code="0">(OCoLC)fst00810745</subfield>
      </datafield>
      <datafield tag="650" ind1=" " ind2="7">
         <subfield code="a">Excavations (Archaeology)</subfield>
         <subfield code="2">fast</subfield>
         <subfield code="0">(OCoLC)fst00917564</subfield>
      </datafield>
      <datafield tag="651" ind1=" " ind2="7">
         <subfield code="a">China</subfield>
         <subfield code="z">Hua Xian (Shaanxi Sheng)</subfield>
         <subfield code="2">fast</subfield>
         <subfield code="0">(OCoLC)fst01315279</subfield>
      </datafield>
      <datafield tag="710" ind1="2" ind2=" ">
         <subfield code="a">Beijing da xue.</subfield>
         <subfield code="b">Kao gu xi</subfield>
         <subfield code="6">880-07</subfield>
      </datafield>
      <datafield tag="710" ind1="2" ind2=" ">
         <subfield code="6">880-08</subfield>
         <subfield code="a">Zhongguo she hui ke xue yuan.</subfield>
         <subfield code="b">Kao gu yan jiu suo.</subfield>
      </datafield>
      <datafield tag="880" ind1="0" ind2="0">
         <subfield code="6">245-01/</subfield>
         <subfield code="a">华县泉护村 /</subfield>
         <subfield code="c">北京大学考古学系著 ; 中国社会科学院考古硏究所编.</subfield>
      </datafield>
      <datafield tag="880" ind1=" " ind2=" ">
         <subfield code="6">250-02/</subfield>
         <subfield code="a">第1版.</subfield>
      </datafield>
      <datafield tag="880" ind1=" " ind2=" ">
         <subfield code="6">260-03/</subfield>
         <subfield code="a">北京 :</subfield>
         <subfield code="b">科学出版社,</subfield>
         <subfield code="c">2003</subfield>
      </datafield>
      <datafield tag="880" ind1="1" ind2=" ">
         <subfield code="6">490-04/</subfield>
         <subfield code="a">中国田野考古报告集. 考古学专刊. 丁种 ;</subfield>
         <subfield code="v">第63号</subfield>
      </datafield>
      <datafield tag="880" ind1="1" ind2=" ">
         <subfield code="6">490-05/</subfield>
         <subfield code="a">黄河水库考古报告 ;</subfield>
         <subfield code="v">6</subfield>
      </datafield>
      <datafield tag="880" ind1=" " ind2="4">
         <subfield code="6">651-06/</subfield>
         <subfield code="a">华县 (Shaanxi Sheng, China)</subfield>
         <subfield code="x">Antiquities.</subfield>
      </datafield>
      <datafield tag="880" ind1="2" ind2=" ">
         <subfield code="6">710-07/</subfield>
         <subfield code="a">北京大学.</subfield>
         <subfield code="b">考古系.</subfield>
      </datafield>
      <datafield tag="880" ind1="2" ind2=" ">
         <subfield code="6">710-08/</subfield>
         <subfield code="a">中国社会科学院.</subfield>
         <subfield code="b">考古硏究所.</subfield>
      </datafield>
      <datafield tag="830" ind1=" " ind2="0">
         <subfield code="6">880-09</subfield>
         <subfield code="a">Zhongguo tian ye kao gu bao gao ji.</subfield>
         <subfield code="p">Kao gu xue zhuan kan.</subfield>
         <subfield code="n">Ding zhong ;</subfield>
         <subfield code="v">Di 63 hao.</subfield>
      </datafield>
      <datafield tag="880" ind1=" " ind2="0">
         <subfield code="6">830-09/</subfield>
         <subfield code="a">中国田野考古报告集.</subfield>
         <subfield code="p">考古学专刊.</subfield>
         <subfield code="n">丁种 ;</subfield>
         <subfield code="v">第63号.</subfield>
      </datafield>
      <datafield tag="830" ind1=" " ind2="0">
         <subfield code="a">Huang He shui ku kao gu bao gao</subfield>
         <subfield code="6">880-10</subfield>
         <subfield code="v">6.</subfield>
      </datafield>
      <datafield tag="880" ind1=" " ind2="0">
         <subfield code="6">830-10/</subfield>
         <subfield code="a">黄河水库考古报告 ;</subfield>
         <subfield code="v">6.</subfield>
      </datafield>
      <datafield tag="994" ind1=" " ind2=" ">
         <subfield code="a">Z0</subfield>
         <subfield code="b">ZYU</subfield>
      </datafield>
      <datafield tag="OWN" ind1=" " ind2=" ">
         <subfield code="a">GENERAL</subfield>
      </datafield>
      <datafield tag="AVA" ind1=" " ind2=" ">
         <subfield code="a">NYU50</subfield>
         <subfield code="b">NISAW</subfield>
         <subfield code="c">Small Collection</subfield>
         <subfield code="d">GN776.2.Y27 H83 2003</subfield>
         <subfield code="e">available</subfield>
         <subfield code="t">Available</subfield>
         <subfield code="f">1</subfield>
         <subfield code="g">0</subfield>
         <subfield code="h">N</subfield>
         <subfield code="i">0</subfield>
         <subfield code="j">SMALL</subfield>
         <subfield code="k">0</subfield>
      </datafield>
      <marc:datafield tag="852" ind1=" " ind2=" ">
         <marc:subfield code="b">Institute for the Study of the Ancient World, </marc:subfield>
         <marc:subfield code="c">Small Collection</marc:subfield>
         <marc:subfield code="e">15 East 84th St., </marc:subfield>
         <marc:subfield code="e">New York, NY  10028</marc:subfield>
      </marc:datafield>
   </record>