
  
  
  
  
  
 
  
  <record xsi:schemaLocation="http://www.loc.gov/MARC21/slim http://www.loc.gov/standards/marcxml/schema/MARC21slim.xsd">
      <leader>00000cam  2200613 a 4500</leader>
      <controlfield tag="FMT">BK</controlfield>
      <controlfield tag="LDR">00000cam  2200613 a 4500</controlfield>
      <controlfield tag="001">004017523</controlfield>
      <controlfield tag="003">OCoLC</controlfield>
      <controlfield tag="005">20140715113532.0</controlfield>
      <controlfield tag="008">140715s2007    cc abf   b    000 0 chi d</controlfield>
      <datafield tag="010" ind1=" " ind2=" ">
         <subfield code="a">2008496707</subfield>
      </datafield>
      <datafield tag="020" ind1=" " ind2=" ">
         <subfield code="a">9787030204059</subfield>
      </datafield>
      <datafield tag="020" ind1=" " ind2=" ">
         <subfield code="a">7030204050</subfield>
      </datafield>
      <datafield tag="035" ind1=" " ind2=" ">
         <subfield code="a">(OCoLC)226379808</subfield>
      </datafield>
      <datafield tag="040" ind1=" " ind2=" ">
         <subfield code="a">JPG</subfield>
         <subfield code="b">eng</subfield>
         <subfield code="c">JPG</subfield>
         <subfield code="d">DLC</subfield>
         <subfield code="d">CUY</subfield>
         <subfield code="d">CNPIT</subfield>
         <subfield code="d">OCLCQ</subfield>
         <subfield code="d">OCLCF</subfield>
         <subfield code="d">NNU</subfield>
      </datafield>
      <datafield tag="042" ind1=" " ind2=" ">
         <subfield code="a">lccopycat</subfield>
      </datafield>
      <datafield tag="043" ind1=" " ind2=" ">
         <subfield code="a">a-cc-kc</subfield>
      </datafield>
      <datafield tag="050" ind1="0" ind2="0">
         <subfield code="a">GT3283.A3</subfield>
         <subfield code="b">G83 2007</subfield>
      </datafield>
      <datafield tag="066" ind1=" " ind2=" ">
         <subfield code="c">$1</subfield>
      </datafield>
      <datafield tag="245" ind1="0" ind2="0">
         <subfield code="6">880-01</subfield>
         <subfield code="a">Guangxi xian Qin yan dong zang /</subfield>
         <subfield code="c">Guangxi wen wu kao gu yan jiu suo, Nanning Shi bo wu guan bian zhu.</subfield>
      </datafield>
      <datafield tag="250" ind1=" " ind2=" ">
         <subfield code="6">880-02</subfield>
         <subfield code="a">Di 1 ban.</subfield>
      </datafield>
      <datafield tag="260" ind1=" " ind2=" ">
         <subfield code="6">880-03</subfield>
         <subfield code="a">Beijing :</subfield>
         <subfield code="b">Ke xue chu ban she,</subfield>
         <subfield code="c">2007.</subfield>
      </datafield>
      <datafield tag="300" ind1=" " ind2=" ">
         <subfield code="a">xi, 230 p., 80, [12] p. of plates (some folded) :</subfield>
         <subfield code="b">ill. (some col.), maps (some folded) ;</subfield>
         <subfield code="c">27 cm.</subfield>
      </datafield>
      <datafield tag="504" ind1=" " ind2=" ">
         <subfield code="a">Includes bibliographical references.</subfield>
      </datafield>
      <datafield tag="520" ind1=" " ind2=" ">
         <subfield code="6">880-04</subfield>
         <subfield code="a">Ben shu dui Guangxi mu qian yi fa xian de xian Qin shi qi yan dong zang de quan bu zi liao jing xin le zong he zheng li, xiang xi jie shao le ge yan dong zang de ji ben qing kuang, bing dui xian Qin yan dong zang de fen bu, fen qu, zang suo he zang zhi yi ji wen hua nei han, te zheng, nian dai, fen qi, zu shu, qi yuan deng zuo xi tong de yan jiu, dui xian Qin yan dong zang wen hua de yuan liu ji fa zhan guo cheng zhong yu zhou bian wen hua de guan xi jing xing le tan tao.</subfield>
      </datafield>
      <datafield tag="650" ind1=" " ind2="0">
         <subfield code="a">Burial</subfield>
         <subfield code="6">880-05</subfield>
         <subfield code="z">China</subfield>
         <subfield code="z">Guangxi Zhuangzu Zizhiqu.</subfield>
      </datafield>
      <datafield tag="650" ind1=" " ind2="0">
         <subfield code="a">Funeral rites and ceremonies</subfield>
         <subfield code="6">880-06</subfield>
         <subfield code="z">China</subfield>
         <subfield code="z">Guangxi Zhuangzu Zizhiqu.</subfield>
      </datafield>
      <datafield tag="650" ind1=" " ind2="0">
         <subfield code="a">Burial</subfield>
         <subfield code="z">China</subfield>
         <subfield code="x">History</subfield>
         <subfield code="y">To 221 B.C.</subfield>
      </datafield>
      <datafield tag="650" ind1=" " ind2="0">
         <subfield code="a">Funeral rites and ceremonies</subfield>
         <subfield code="z">China</subfield>
         <subfield code="x">History</subfield>
         <subfield code="y">To 221 B.C.</subfield>
      </datafield>
      <datafield tag="650" ind1=" " ind2="0">
         <subfield code="a">Grave goods</subfield>
         <subfield code="z">China</subfield>
         <subfield code="z">Guangxi Zhuangzu Zizhiqu.</subfield>
      </datafield>
      <datafield tag="650" ind1=" " ind2="0">
         <subfield code="a">Excavations (Archaeology)</subfield>
         <subfield code="z">China</subfield>
         <subfield code="z">Guangxi Zhuangzu Zizhiqu.</subfield>
      </datafield>
      <datafield tag="651" ind1=" " ind2="0">
         <subfield code="6">880-07</subfield>
         <subfield code="a">Guangxi Zhuangzu Zizhiqu (China)</subfield>
         <subfield code="x">Antiquities.</subfield>
      </datafield>
      <datafield tag="650" ind1=" " ind2="7">
         <subfield code="a">Antiquities.</subfield>
         <subfield code="2">fast</subfield>
         <subfield code="0">(OCoLC)fst00810745</subfield>
      </datafield>
      <datafield tag="650" ind1=" " ind2="7">
         <subfield code="a">Burial.</subfield>
         <subfield code="2">fast</subfield>
         <subfield code="0">(OCoLC)fst00841751</subfield>
      </datafield>
      <datafield tag="650" ind1=" " ind2="7">
         <subfield code="a">Excavations (Archaeology)</subfield>
         <subfield code="2">fast</subfield>
         <subfield code="0">(OCoLC)fst00917564</subfield>
      </datafield>
      <datafield tag="650" ind1=" " ind2="7">
         <subfield code="a">Grave goods.</subfield>
         <subfield code="2">fast</subfield>
         <subfield code="0">(OCoLC)fst00946842</subfield>
      </datafield>
      <datafield tag="651" ind1=" " ind2="7">
         <subfield code="a">China</subfield>
         <subfield code="z">Guangxi Zhuangzu Zizhiqu.</subfield>
         <subfield code="2">fast</subfield>
         <subfield code="0">(OCoLC)fst01210512</subfield>
      </datafield>
      <datafield tag="710" ind1="2" ind2=" ">
         <subfield code="a">Guangxi wen wu kao gu yan jiu suo</subfield>
         <subfield code="6">880-08</subfield>
      </datafield>
      <datafield tag="710" ind1="2" ind2=" ">
         <subfield code="a">Nanning Shi bo wu guan</subfield>
         <subfield code="6">880-09</subfield>
      </datafield>
      <datafield tag="880" ind1="0" ind2="0">
         <subfield code="6">245-01/</subfield>
         <subfield code="a">广西先秦岩洞葬 /</subfield>
         <subfield code="c">广西文物考古研究所, 南宁市博物馆编著.</subfield>
      </datafield>
      <datafield tag="880" ind1=" " ind2=" ">
         <subfield code="6">250-02/</subfield>
         <subfield code="a">第1版.</subfield>
      </datafield>
      <datafield tag="880" ind1=" " ind2=" ">
         <subfield code="6">260-03/</subfield>
         <subfield code="a">北京 :</subfield>
         <subfield code="b">科学出版社,</subfield>
         <subfield code="c">2007.</subfield>
      </datafield>
      <datafield tag="880" ind1=" " ind2=" ">
         <subfield code="6">520-04/</subfield>
         <subfield code="a">本书对广西目前已发现的先秦时期岩洞葬的全部资料进行了综合整理，详细介绍了各岩洞葬的基本情况，并对先秦岩洞葬的分布、分区、葬所和葬制以及文化内涵、特征、年代、分期、族属、起源等做了系统的研究，对先秦岩洞葬文化的源流及发展过程中与周边文化的关系进行了探讨。</subfield>
      </datafield>
      <datafield tag="880" ind1=" " ind2="4">
         <subfield code="6">650-05/</subfield>
         <subfield code="a">Burial</subfield>
         <subfield code="z">China</subfield>
         <subfield code="z">广西壮族自治区.</subfield>
      </datafield>
      <datafield tag="880" ind1=" " ind2="4">
         <subfield code="6">650-06/</subfield>
         <subfield code="a">Funeral rites and ceremonies</subfield>
         <subfield code="z">China</subfield>
         <subfield code="z">广西壮族自治区.</subfield>
      </datafield>
      <datafield tag="880" ind1=" " ind2="4">
         <subfield code="6">651-07/</subfield>
         <subfield code="a">广西壮族自治区 (China)</subfield>
         <subfield code="x">Antiquities.</subfield>
      </datafield>
      <datafield tag="880" ind1="2" ind2=" ">
         <subfield code="6">710-08/</subfield>
         <subfield code="a">广西文物考古研究所.</subfield>
      </datafield>
      <datafield tag="880" ind1="2" ind2=" ">
         <subfield code="6">710-09/</subfield>
         <subfield code="a">南宁市博物馆.</subfield>
      </datafield>
      <datafield tag="994" ind1=" " ind2=" ">
         <subfield code="a">Z0</subfield>
         <subfield code="b">ZYU</subfield>
      </datafield>
      <datafield tag="OWN" ind1=" " ind2=" ">
         <subfield code="a">GENERAL</subfield>
      </datafield>
      <datafield tag="AVA" ind1=" " ind2=" ">
         <subfield code="a">NYU50</subfield>
         <subfield code="b">NISAW</subfield>
         <subfield code="c">Small Collection</subfield>
         <subfield code="d">GT3283.A3 G83 2007</subfield>
         <subfield code="e">available</subfield>
         <subfield code="t">Available</subfield>
         <subfield code="f">1</subfield>
         <subfield code="g">0</subfield>
         <subfield code="h">N</subfield>
         <subfield code="i">0</subfield>
         <subfield code="j">SMALL</subfield>
         <subfield code="k">0</subfield>
      </datafield>
      <marc:datafield tag="852" ind1=" " ind2=" ">
         <marc:subfield code="b">Institute for the Study of the Ancient World, </marc:subfield>
         <marc:subfield code="c">Small Collection</marc:subfield>
         <marc:subfield code="e">15 East 84th St., </marc:subfield>
         <marc:subfield code="e">New York, NY  10028</marc:subfield>
      </marc:datafield>
   </record>