
  
  
  
  
  
  
 
  
  <record xsi:schemaLocation="http://www.loc.gov/MARC21/slim http://www.loc.gov/standards/marcxml/schema/MARC21slim.xsd">
      <leader>00000cam a2200469 i 4500</leader>
      <controlfield tag="FMT">BK</controlfield>
      <controlfield tag="LDR">00000cam a2200469 i 4500</controlfield>
      <controlfield tag="001">004017575</controlfield>
      <controlfield tag="003">OCoLC</controlfield>
      <controlfield tag="005">20141007091107.0</controlfield>
      <controlfield tag="008">140715t20142014be dj    b    101 0 eng d</controlfield>
      <datafield tag="020" ind1=" " ind2=" ">
         <subfield code="a">9789042929838 (cl.)</subfield>
      </datafield>
      <datafield tag="020" ind1=" " ind2=" ">
         <subfield code="a">9042929839 (cl.)</subfield>
      </datafield>
      <datafield tag="035" ind1=" " ind2=" ">
         <subfield code="a">(OCoLC)880134332</subfield>
      </datafield>
      <datafield tag="040" ind1=" " ind2=" ">
         <subfield code="a">OHX</subfield>
         <subfield code="b">eng</subfield>
         <subfield code="e">rda</subfield>
         <subfield code="c">OHX</subfield>
         <subfield code="d">OCLCO</subfield>
         <subfield code="d">CGU</subfield>
         <subfield code="d">CDX</subfield>
         <subfield code="d">UKMGB</subfield>
         <subfield code="d">NNU</subfield>
      </datafield>
      <datafield tag="041" ind1="0" ind2=" ">
         <subfield code="a">eng</subfield>
         <subfield code="a">fre</subfield>
         <subfield code="a">ger</subfield>
         <subfield code="a">ita</subfield>
      </datafield>
      <datafield tag="043" ind1=" " ind2=" ">
         <subfield code="a">aw-----</subfield>
      </datafield>
      <datafield tag="050" ind1=" " ind2="4">
         <subfield code="a">KL147</subfield>
         <subfield code="b">.I37 2014</subfield>
      </datafield>
      <datafield tag="072" ind1=" " ind2="7">
         <subfield code="a">K</subfield>
         <subfield code="2">lcco</subfield>
      </datafield>
      <datafield tag="072" ind1=" " ind2="7">
         <subfield code="a">D</subfield>
         <subfield code="2">lcco</subfield>
      </datafield>
      <datafield tag="245" ind1="0" ind2="0">
         <subfield code="a">Identifiers and identification methods in the ancient world /</subfield>
         <subfield code="c">edited by Mark Depauw and Sandra Coussement.</subfield>
      </datafield>
      <datafield tag="264" ind1=" " ind2="1">
         <subfield code="a">Leuven :</subfield>
         <subfield code="b">Uiteverij Peeters en Departement Oosterse Studies,</subfield>
         <subfield code="c">2014.</subfield>
      </datafield>
      <datafield tag="300" ind1=" " ind2=" ">
         <subfield code="a">vi, 286 pages :</subfield>
         <subfield code="b">charts, genealogical tables ;</subfield>
         <subfield code="c">25 cm.</subfield>
      </datafield>
      <datafield tag="336" ind1=" " ind2=" ">
         <subfield code="a">text</subfield>
         <subfield code="2">rdacontent</subfield>
      </datafield>
      <datafield tag="337" ind1=" " ind2=" ">
         <subfield code="a">unmediated</subfield>
         <subfield code="2">rdamedia</subfield>
      </datafield>
      <datafield tag="338" ind1=" " ind2=" ">
         <subfield code="a">volume</subfield>
         <subfield code="2">rdacarrier</subfield>
      </datafield>
      <datafield tag="490" ind1="1" ind2=" ">
         <subfield code="a">Legal documents in ancient societies ;</subfield>
         <subfield code="v">III</subfield>
      </datafield>
      <datafield tag="490" ind1="1" ind2=" ">
         <subfield code="a">Orientalia Lovaniensia analecta ;</subfield>
         <subfield code="v">229</subfield>
      </datafield>
      <datafield tag="546" ind1=" " ind2=" ">
         <subfield code="a">11 English, 1 French, 1 Italian, 2 German contributions.</subfield>
      </datafield>
      <datafield tag="500" ind1=" " ind2=" ">
         <subfield code="a">Proceedings of a conference held in Leuven and Brussels, 23-25 Sept. 2010.</subfield>
      </datafield>
      <datafield tag="504" ind1=" " ind2=" ">
         <subfield code="a">Includes bibliographical references and index.</subfield>
      </datafield>
      <datafield tag="505" ind1="0" ind2="0">
         <subfield code="g">Introduction.</subfield>
         <subfield code="t">Identity, identifiers, and identification methods /</subfield>
         <subfield code="r">Mark Depauw, Sandra Coussement --</subfield>
         <subfield code="g">Ancient Near East.</subfield>
         <subfield code="t">Identifiers and identification methods in Mesopotamia /</subfield>
         <subfield code="r">Sophie Démare-Lafont --</subfield>
         <subfield code="t">Identifiers and identification methods in legal documents from Old Babylonian Sippar (1800-1500 BCE) /</subfield>
         <subfield code="r">Guido Suurmeijer --</subfield>
         <subfield code="g">Egypt.</subfield>
         <subfield code="t">Identification in ancient Egypt from the Old Kingdom to the end of the New Kingdom (2650-1100 BCE) /</subfield>
         <subfield code="r">Arlette David --</subfield>
         <subfield code="t">Elements of identification in Egypt, 800 BC-AD 300 /</subfield>
         <subfield code="r">Mark Depauw --</subfield>
         <subfield code="t">Did BGU XIV 2367 work? /</subfield>
         <subfield code="r">Uri Yiftach-Firanko --</subfield>
         <subfield code="t">Double names as indicators of social stratification in Graeco-Roman Egypt /</subfield>
         <subfield code="r">Yanne Broux, Sandra Coussement --</subfield>
         <subfield code="t">Seals and stamps as identifiers in daily life in Greco-Roman Egypt /</subfield>
         <subfield code="r">Katelijn Vandorpe --</subfield>
         <subfield code="t">Éléments de l'identification en Égypte (IVe-VIIIe siècles) /</subfield>
         <subfield code="r">Alain Delattre --</subfield>
         <subfield code="g">Greece.</subfield>
         <subfield code="t">Citizens, non-citizens, and slaves : identification methods in Classical Greece /</subfield>
         <subfield code="r">Michele Faraguna --</subfield>
         <subfield code="t">Comment on legal identification in ancient Crete /</subfield>
         <subfield code="r">Karen R. Kristensen --</subfield>
         <subfield code="t">Identificare gli schiavi nei documenti greci /</subfield>
         <subfield code="r">Alberto Maffi --</subfield>
         <subfield code="g">Rome.</subfield>
         <subfield code="t">Methoden der Identifikation in lateinischen tabulae /</subfield>
         <subfield code="r">Eva Jakab --</subfield>
         <subfield code="t">Identifications of physicians during the High Empire /</subfield>
         <subfield code="r">Ido Israelowich --</subfield>
         <subfield code="t">Identifikation von Vertragspartnern in der römischen Literatur /</subfield>
         <subfield code="r">Philipp Scheibelreiter.</subfield>
      </datafield>
      <datafield tag="650" ind1=" " ind2="0">
         <subfield code="a">Identification</subfield>
         <subfield code="z">Middle East</subfield>
         <subfield code="v">Congresses.</subfield>
      </datafield>
      <datafield tag="650" ind1=" " ind2="0">
         <subfield code="a">Identification</subfield>
         <subfield code="z">Middle East</subfield>
         <subfield code="x">Sources.</subfield>
      </datafield>
      <datafield tag="650" ind1=" " ind2="0">
         <subfield code="a">Identification (Egyptian law)</subfield>
         <subfield code="v">Congresses.</subfield>
      </datafield>
      <datafield tag="650" ind1=" " ind2="0">
         <subfield code="a">Identification (Greek law)</subfield>
         <subfield code="v">Congresses.</subfield>
      </datafield>
      <datafield tag="700" ind1="1" ind2=" ">
         <subfield code="a">Depauw, Mark</subfield>
         <subfield code="e">contributor,</subfield>
         <subfield code="e">editor of compilation.</subfield>
      </datafield>
      <datafield tag="700" ind1="1" ind2=" ">
         <subfield code="a">Coussement, Sandra,</subfield>
         <subfield code="e">contributor,</subfield>
         <subfield code="e">editor of compilation.</subfield>
      </datafield>
      <datafield tag="830" ind1=" " ind2="0">
         <subfield code="a">Legal documents in ancient societies ;</subfield>
         <subfield code="v">3.</subfield>
      </datafield>
      <datafield tag="830" ind1=" " ind2="0">
         <subfield code="a">Orientalia Lovaniensia analecta ;</subfield>
         <subfield code="v">229.</subfield>
      </datafield>
      <datafield tag="994" ind1=" " ind2=" ">
         <subfield code="a">Z0</subfield>
         <subfield code="b">ZYU</subfield>
      </datafield>
      <datafield tag="OWN" ind1=" " ind2=" ">
         <subfield code="a">GENERAL</subfield>
      </datafield>
      <datafield tag="936" ind1=" " ind2=" ">
         <subfield code="a">PR 880352541</subfield>
      </datafield>
      <datafield tag="AVA" ind1=" " ind2=" ">
         <subfield code="a">NYU50</subfield>
         <subfield code="b">BOBST</subfield>
         <subfield code="c">Main Collection</subfield>
         <subfield code="d">KL147 .I37 2014</subfield>
         <subfield code="e">unavailable</subfield>
         <subfield code="t">Unavailable</subfield>
         <subfield code="f">1</subfield>
         <subfield code="g">1</subfield>
         <subfield code="h">N</subfield>
         <subfield code="i">0</subfield>
         <subfield code="j">MAIN</subfield>
         <subfield code="k">0</subfield>
      </datafield>
      <datafield tag="AVA" ind1=" " ind2=" ">
         <subfield code="a">NYU50</subfield>
         <subfield code="b">NISAW</subfield>
         <subfield code="c">Small Collection</subfield>
         <subfield code="d">KL147 .I37 2014</subfield>
         <subfield code="e">available</subfield>
         <subfield code="t">Available</subfield>
         <subfield code="f">1</subfield>
         <subfield code="g">0</subfield>
         <subfield code="h">N</subfield>
         <subfield code="i">0</subfield>
         <subfield code="j">SMALL</subfield>
         <subfield code="k">0</subfield>
      </datafield>
      <marc:datafield tag="852" ind1=" " ind2=" ">
         <marc:subfield code="b">Institute for the Study of the Ancient World, </marc:subfield>
         <marc:subfield code="c">Small Collection</marc:subfield>
         <marc:subfield code="e">15 East 84th St., </marc:subfield>
         <marc:subfield code="e">New York, NY  10028</marc:subfield>
      </marc:datafield>
   </record>