
  
  
  
  
 
  
  <record xsi:schemaLocation="http://www.loc.gov/MARC21/slim http://www.loc.gov/standards/marcxml/schema/MARC21slim.xsd">
      <leader>00000cam  22004935a 4500</leader>
      <controlfield tag="FMT">BK</controlfield>
      <controlfield tag="LDR">00000cam  22004935a 4500</controlfield>
      <controlfield tag="001">004017697</controlfield>
      <controlfield tag="003">OCoLC</controlfield>
      <controlfield tag="005">20140715143913.0</controlfield>
      <controlfield tag="008">140715s2010    cc abf        000 0 chi d</controlfield>
      <datafield tag="020" ind1=" " ind2=" ">
         <subfield code="a">9787030285225 :</subfield>
      </datafield>
      <datafield tag="020" ind1=" " ind2=" ">
         <subfield code="a">7030285220</subfield>
      </datafield>
      <datafield tag="035" ind1=" " ind2=" ">
         <subfield code="a">(OCoLC)755872247</subfield>
      </datafield>
      <datafield tag="040" ind1=" " ind2=" ">
         <subfield code="a">CIBTC</subfield>
         <subfield code="c">MZA</subfield>
         <subfield code="d">NNU</subfield>
      </datafield>
      <datafield tag="050" ind1=" " ind2="4">
         <subfield code="a">GN776.2.Y27</subfield>
         <subfield code="b">Y86 2010</subfield>
      </datafield>
      <datafield tag="066" ind1=" " ind2=" ">
         <subfield code="c">$1</subfield>
      </datafield>
      <datafield tag="245" ind1="0" ind2="0">
         <subfield code="6">880-01</subfield>
         <subfield code="a">Yuanqu Shangbo /</subfield>
         <subfield code="c">Wang Xiaoyi, Wang Xiaojuan zhu bian ; Shanxi Sheng kao gu yan jiu suo bian zhu.</subfield>
      </datafield>
      <datafield tag="250" ind1=" " ind2=" ">
         <subfield code="6">880-02</subfield>
         <subfield code="a">Di 1 ban.</subfield>
      </datafield>
      <datafield tag="260" ind1=" " ind2=" ">
         <subfield code="6">880-03</subfield>
         <subfield code="a">Beijing :</subfield>
         <subfield code="b">Ke xue chu ban she,</subfield>
         <subfield code="c">2010.</subfield>
      </datafield>
      <datafield tag="300" ind1=" " ind2=" ">
         <subfield code="a">xiii, 310 p., 30 p. of plates :</subfield>
         <subfield code="b">ill. (some col), maps (1 folded) ;</subfield>
         <subfield code="c">30 cm.</subfield>
      </datafield>
      <datafield tag="490" ind1="1" ind2=" ">
         <subfield code="6">880-04</subfield>
         <subfield code="a">Huang He Xiaolangdi shui ku Shanxi ku qu kao gu bao gao ;</subfield>
         <subfield code="v">3</subfield>
      </datafield>
      <datafield tag="490" ind1="1" ind2=" ">
         <subfield code="6">880-05</subfield>
         <subfield code="a">Shanxi kao gu bao gao ;</subfield>
         <subfield code="v">3</subfield>
      </datafield>
      <datafield tag="520" ind1=" " ind2=" ">
         <subfield code="6">880-06</subfield>
         <subfield code="a">Ben shu shi wei yu Shanxi Sheng de Yuanqu Shangbo yi zhi 2002 nian he 2003 nian de kao gu fa jue bao gao. Shangbo shi Yuanqu jing nei de yi chu fei chang zhong yao de gu yi zhi, qi wen hua ceng cong xin shi qi shi dai Yangshao zao qi yi zhi yan xu dao Han dai, chu tu ge zhong tao qi ji bu fen gu qi, shi qi, bang qi, tie qi deng, wei jin yi bu yan jiu Yuanqu pen di gu dai wen hua mian mao ti gong le zhong yao zi liao.</subfield>
      </datafield>
      <datafield tag="650" ind1=" " ind2="0">
         <subfield code="a">Yangshao culture.</subfield>
      </datafield>
      <datafield tag="651" ind1=" " ind2="0">
         <subfield code="a">Shangbo Site (China)</subfield>
         <subfield code="x">Antiquities.</subfield>
      </datafield>
      <datafield tag="650" ind1=" " ind2="0">
         <subfield code="6">880-07</subfield>
         <subfield code="a">Excavations (Archaeology)</subfield>
         <subfield code="z">China</subfield>
         <subfield code="z">Yuanqu Xian.</subfield>
      </datafield>
      <datafield tag="700" ind1="1" ind2=" ">
         <subfield code="a">Wang, Xiaoyi</subfield>
         <subfield code="6">880-08</subfield>
      </datafield>
      <datafield tag="700" ind1="1" ind2=" ">
         <subfield code="6">880-09</subfield>
         <subfield code="a">Wang, Xiaojuan.</subfield>
      </datafield>
      <datafield tag="710" ind1="2" ind2=" ">
         <subfield code="a">Shanxi Sheng kao gu yan jiu suo (Taiyuan, Shanxi Sheng, China)</subfield>
         <subfield code="6">880-10</subfield>
      </datafield>
      <datafield tag="880" ind1="0" ind2="0">
         <subfield code="6">245-01/</subfield>
         <subfield code="a">垣曲上亳 /</subfield>
         <subfield code="c">王晓毅, 王小娟主编 ; 山西省考古研究所编著</subfield>
      </datafield>
      <datafield tag="880" ind1=" " ind2=" ">
         <subfield code="6">250-02/</subfield>
         <subfield code="a">第1版</subfield>
      </datafield>
      <datafield tag="880" ind1=" " ind2=" ">
         <subfield code="6">260-03/</subfield>
         <subfield code="a">北京 :</subfield>
         <subfield code="b">科学出版社,</subfield>
         <subfield code="c">2010</subfield>
      </datafield>
      <datafield tag="880" ind1="1" ind2=" ">
         <subfield code="6">490-04/</subfield>
         <subfield code="a">黄河小浪底水库山西库区考古报告 ;</subfield>
         <subfield code="v">3</subfield>
      </datafield>
      <datafield tag="880" ind1="1" ind2=" ">
         <subfield code="6">490-05/</subfield>
         <subfield code="a">山西考古报告 ;</subfield>
         <subfield code="v">3</subfield>
      </datafield>
      <datafield tag="880" ind1=" " ind2=" ">
         <subfield code="6">520-06/</subfield>
         <subfield code="a">本书是位于山西省的垣曲上毫遗址2002年和2003年的考古发掘报告。上毫是垣曲境内一处非常重要的古遗址，其文化层从新石器时代仰韶早期一直延续到汉代，出土各种陶器及部分骨器、石器、蚌器、铁器等，为进一步研究垣曲盆地古代文化面貌提供了重要资料。</subfield>
      </datafield>
      <datafield tag="880" ind1=" " ind2="4">
         <subfield code="6">650-07/</subfield>
         <subfield code="a">Excavations (Archaeology)</subfield>
         <subfield code="z">China</subfield>
         <subfield code="z">垣曲县</subfield>
      </datafield>
      <datafield tag="880" ind1="1" ind2=" ">
         <subfield code="6">700-08/</subfield>
         <subfield code="a">王晓毅</subfield>
      </datafield>
      <datafield tag="880" ind1="1" ind2=" ">
         <subfield code="6">700-09/</subfield>
         <subfield code="a">王小娟</subfield>
      </datafield>
      <datafield tag="880" ind1="2" ind2=" ">
         <subfield code="6">710-10/</subfield>
         <subfield code="a">山西省考古研究所 (Taiyuan, Shanxi Sheng, China)</subfield>
      </datafield>
      <datafield tag="830" ind1=" " ind2="0">
         <subfield code="a">Huang He Xiaolangdi Shuiku Shanxi ku qu kao gu bao gao</subfield>
         <subfield code="6">880-11</subfield>
         <subfield code="v">3.</subfield>
      </datafield>
      <datafield tag="880" ind1=" " ind2="0">
         <subfield code="6">830-11/</subfield>
         <subfield code="a">黄河小浪底水库山西库区考古报告 ;</subfield>
         <subfield code="v">3</subfield>
      </datafield>
      <datafield tag="830" ind1=" " ind2="0">
         <subfield code="6">880-12</subfield>
         <subfield code="a">Shanxi kao gu bao gao ;</subfield>
         <subfield code="v">3.</subfield>
      </datafield>
      <datafield tag="880" ind1=" " ind2="0">
         <subfield code="6">830-12/</subfield>
         <subfield code="a">山西考古报告 ;</subfield>
         <subfield code="v">3</subfield>
      </datafield>
      <datafield tag="994" ind1=" " ind2=" ">
         <subfield code="a">Z0</subfield>
         <subfield code="b">ZYU</subfield>
      </datafield>
      <datafield tag="OWN" ind1=" " ind2=" ">
         <subfield code="a">GENERAL</subfield>
      </datafield>
      <datafield tag="AVA" ind1=" " ind2=" ">
         <subfield code="a">NYU50</subfield>
         <subfield code="b">NISAW</subfield>
         <subfield code="c">Oversize Collection</subfield>
         <subfield code="d">GN776.2.Y27 Y86 2010</subfield>
         <subfield code="e">available</subfield>
         <subfield code="t">Available</subfield>
         <subfield code="f">1</subfield>
         <subfield code="g">0</subfield>
         <subfield code="h">N</subfield>
         <subfield code="i">0</subfield>
         <subfield code="j">OVERZ</subfield>
         <subfield code="k">0</subfield>
      </datafield>
      <marc:datafield tag="852" ind1=" " ind2=" ">
         <marc:subfield code="b">Institute for the Study of the Ancient World, </marc:subfield>
         <marc:subfield code="c">Oversize Collection</marc:subfield>
         <marc:subfield code="e">15 East 84th St., </marc:subfield>
         <marc:subfield code="e">New York, NY  10028</marc:subfield>
      </marc:datafield>
   </record>