
  
  
  
  
  
 
  
  <record xsi:schemaLocation="http://www.loc.gov/MARC21/slim http://www.loc.gov/standards/marcxml/schema/MARC21slim.xsd">
      <leader>00000nam a22      i 4500</leader>
      <controlfield tag="FMT">BK</controlfield>
      <controlfield tag="LDR">00000nam a22      i 4500</controlfield>
      <controlfield tag="001">004018127</controlfield>
      <controlfield tag="005">20140716103555.0</controlfield>
      <controlfield tag="008">140716s2014    be abde  b    000 0 eng d</controlfield>
      <datafield tag="020" ind1=" " ind2=" ">
         <subfield code="a">9782503535241</subfield>
      </datafield>
      <datafield tag="040" ind1=" " ind2=" ">
         <subfield code="a">NNU</subfield>
         <subfield code="b">eng</subfield>
         <subfield code="c">NNU</subfield>
         <subfield code="e">rda</subfield>
      </datafield>
      <datafield tag="041" ind1="0" ind2=" ">
         <subfield code="a">eng</subfield>
         <subfield code="a">fre</subfield>
      </datafield>
      <datafield tag="043" ind1=" " ind2=" ">
         <subfield code="a">a-sy---</subfield>
      </datafield>
      <datafield tag="050" ind1=" " ind2="4">
         <subfield code="a">DS99.B48</subfield>
         <subfield code="b">T4424 2014</subfield>
      </datafield>
      <datafield tag="245" ind1="0" ind2="0">
         <subfield code="a">Tell Beydar :</subfield>
         <subfield code="b">environmental and technical studies.</subfield>
         <subfield code="n">Volume II /</subfield>
         <subfield code="c">Lucio Milano &amp; Marc Lebeau (editors).</subfield>
      </datafield>
      <datafield tag="246" ind1="3" ind2="8">
         <subfield code="a">Tell Beydar environmental and technical studies II</subfield>
      </datafield>
      <datafield tag="264" ind1=" " ind2="1">
         <subfield code="a">Turnhout :</subfield>
         <subfield code="b">Brepols,</subfield>
         <subfield code="c">2014.</subfield>
      </datafield>
      <datafield tag="300" ind1=" " ind2=" ">
         <subfield code="a">vi, 367 pages :</subfield>
         <subfield code="b">illustrations, charts, maps, plans ;</subfield>
         <subfield code="c">30 cm.</subfield>
      </datafield>
      <datafield tag="336" ind1=" " ind2=" ">
         <subfield code="a">text</subfield>
         <subfield code="2">rdacontent</subfield>
      </datafield>
      <datafield tag="337" ind1=" " ind2=" ">
         <subfield code="a">unmediated</subfield>
         <subfield code="2">rdamedia</subfield>
      </datafield>
      <datafield tag="338" ind1=" " ind2=" ">
         <subfield code="a">volume</subfield>
         <subfield code="2">rdacarrier</subfield>
      </datafield>
      <datafield tag="490" ind1="1" ind2=" ">
         <subfield code="a">Subartu ;</subfield>
         <subfield code="v">XXXIII</subfield>
      </datafield>
      <datafield tag="546" ind1=" " ind2=" ">
         <subfield code="a">Contributions in English or French.</subfield>
      </datafield>
      <datafield tag="500" ind1=" " ind2=" ">
         <subfield code="a">At head of cover title: European Centre for Upper Mesopotamian Studies.</subfield>
      </datafield>
      <datafield tag="504" ind1=" " ind2=" ">
         <subfield code="a">Includes bibliographical references.</subfield>
      </datafield>
      <datafield tag="505" ind1="0" ind2="0">
         <subfield code="t">Introduction /</subfield>
         <subfield code="r">Lucio Milano, Marc Lebeau --</subfield>
         <subfield code="t">Spinning and weaving material from Tell Beydar /</subfield>
         <subfield code="r">Giulia Baccelli --</subfield>
         <subfield code="t">Pottery technology and clay sources at Tell Beydar /</subfield>
         <subfield code="r">Mariagrazia Galimberti, Mariangela Bertelle, Elena Rova --</subfield>
         <subfield code="t">Human skeletal remains from Tell Beydar : paleobiological and paleopathological analysis /</subfield>
         <subfield code="r">Francesca Bertoldi --</subfield>
         <subfield code="t">Excavations at Tell Beydar : architectural survey methodology /</subfield>
         <subfield code="r">Manuela Core --</subfield>
         <subfield code="t">Bricks, activity areas, and living floors : formation processes and paleoenvironmental context : preliminary results from micromorphological analyses at Tell Beydar /</subfield>
         <subfield code="r">Mauro Cremaschi, Silvia Maggioni, Cristiano Nicosia --</subfield>
         <subfield code="t">Tell Beydar in its geomorphological context /</subfield>
         <subfield code="r">Mauro Cremaschi, Alessandro Perego --</subfield>
         <subfield code="t">Archaeological landscape of the Tell Beydar region : satellite imagery and ints implications for settlement patterning /</subfield>
         <subfield code="r">Emma Cunliffe --</subfield>
         <subfield code="t">Textile fragment from Tell Beydar /</subfield>
         <subfield code="r">Doretta Davanzo Poli, Elena Rova --</subfield>
         <subfield code="t">Analyse physio-chimique de l'outillage en obsidienne de Tell Beydar (Djézireh syrienne, Âge du Bronze) /</subfield>
         <subfield code="r">Bernard Gratuze, Marta Zambello --</subfield>
         <subfield code="t">Aménagements domestiques et artefacts en basalte : tradition et environnement à Tell Beydar /</subfield>
         <subfield code="r">Rodrigo Martín Galán, Medeleine Trokay --</subfield>
         <subfield code="t">Earliest epigraphical documents and other texts from Tell Beydar (excavation seasons 2004-2009) /</subfield>
         <subfield code="r">Lucio Milano --</subfield>
         <subfield code="t">Report on skeleton of Bronze Age infant (28680) from Tell Beydar /</subfield>
         <subfield code="r">Theya Molleson, Helen M. Liversidge, Francesca Bertoldi --</subfield>
         <subfield code="t">Chalcolithic flaked stone artifacts from Tell Beydar III, Upper Khabur /</subfield>
         <subfield code="r">Yoshihiro Nishiaki --</subfield>
         <subfield code="t">Setting up DNA analyses on osteological material from Tell Beydar /</subfield>
         <subfield code="r">Lorraine Pariset, Federica Gabbianelli, Giovanni Siracusano, Alessio Valentini --</subfield>
         <subfield code="t">Seal impressions from Tell Beydar (2002-2006 seasons) : addendum /</subfield>
         <subfield code="r">Elena Rova --</subfield>
         <subfield code="t">Third millenium BC fauna at Tell Beydar /</subfield>
         <subfield code="r">Giovanni Siracusano --</subfield>
      </datafield>
      <datafield tag="505" ind1="0" ind2="0">
         <subfield code="t">New chemical analyses on metal artefacts from Tell Beydar-Nabada /</subfield>
         <subfield code="r">Monica Tonussi, Alberto Palmieri, Andreas Hauptmann --</subfield>
         <subfield code="t">Commerce des meules en basalte entre la Syrie du nord et la Basse Mésopotamie au cours de la première moitié du IIe millénaire avant J.-C. /</subfield>
         <subfield code="r">Madeleine Trokay --</subfield>
         <subfield code="t">Industrie lithique du IIIe millénaire avant J.-C. à Tell Beydar /</subfield>
         <subfield code="r">Marta Zambello.</subfield>
      </datafield>
      <datafield tag="650" ind1=" " ind2="0">
         <subfield code="a">Antiquities, Prehistoric</subfield>
         <subfield code="z">Syria</subfield>
         <subfield code="z">Beydar, Tell.</subfield>
      </datafield>
      <datafield tag="650" ind1=" " ind2="0">
         <subfield code="a">Excavations (Archaeology)</subfield>
         <subfield code="z">Syria</subfield>
         <subfield code="z">Beydar, Tell.</subfield>
      </datafield>
      <datafield tag="651" ind1=" " ind2="0">
         <subfield code="a">Beydar, Tell (Syria)</subfield>
      </datafield>
      <datafield tag="651" ind1=" " ind2="0">
         <subfield code="a">Syria</subfield>
         <subfield code="x">Antiquities.</subfield>
      </datafield>
      <datafield tag="651" ind1=" " ind2="0">
         <subfield code="a">Syria</subfield>
         <subfield code="x">History</subfield>
         <subfield code="y">To 333 B.C.</subfield>
      </datafield>
      <datafield tag="700" ind1="1" ind2=" ">
         <subfield code="a">Milano, Lucio</subfield>
         <subfield code="e">contributor,</subfield>
         <subfield code="e">editor of compilation.</subfield>
      </datafield>
      <datafield tag="700" ind1="1" ind2=" ">
         <subfield code="a">Lebeau, Marc</subfield>
         <subfield code="e">editor of compilation.</subfield>
      </datafield>
      <datafield tag="710" ind1="2" ind2=" ">
         <subfield code="a">European Centre for Upper Mesopotamian Studies.</subfield>
      </datafield>
      <datafield tag="830" ind1=" " ind2="0">
         <subfield code="a">Subartu ;</subfield>
         <subfield code="v">33.</subfield>
      </datafield>
      <datafield tag="OWN" ind1=" " ind2=" ">
         <subfield code="a">GENERAL</subfield>
      </datafield>
      <datafield tag="936" ind1=" " ind2=" ">
         <subfield code="a">PR 880573890</subfield>
      </datafield>
      <datafield tag="AVA" ind1=" " ind2=" ">
         <subfield code="a">NYU50</subfield>
         <subfield code="b">NISAW</subfield>
         <subfield code="c">Oversize Collection</subfield>
         <subfield code="d">DS99.B48 T4424 2014</subfield>
         <subfield code="e">available</subfield>
         <subfield code="t">Available</subfield>
         <subfield code="f">1</subfield>
         <subfield code="g">0</subfield>
         <subfield code="h">N</subfield>
         <subfield code="i">0</subfield>
         <subfield code="j">OVERZ</subfield>
         <subfield code="k">0</subfield>
      </datafield>
      <marc:datafield tag="852" ind1=" " ind2=" ">
         <marc:subfield code="b">Institute for the Study of the Ancient World, </marc:subfield>
         <marc:subfield code="c">Oversize Collection</marc:subfield>
         <marc:subfield code="e">15 East 84th St., </marc:subfield>
         <marc:subfield code="e">New York, NY  10028</marc:subfield>
      </marc:datafield>
   </record>