
  
  
  
  
  
 
  
  <record xsi:schemaLocation="http://www.loc.gov/MARC21/slim http://www.loc.gov/standards/marcxml/schema/MARC21slim.xsd">
      <leader>00000cam  2200697 a 4500</leader>
      <controlfield tag="FMT">BK</controlfield>
      <controlfield tag="LDR">00000cam  2200697 a 4500</controlfield>
      <controlfield tag="001">004019172</controlfield>
      <controlfield tag="003">OCoLC</controlfield>
      <controlfield tag="005">20140717132800.0</controlfield>
      <controlfield tag="008">140717s2009    cc ab    b    000 0 chi d</controlfield>
      <datafield tag="010" ind1=" " ind2=" ">
         <subfield code="a">2009445979</subfield>
      </datafield>
      <datafield tag="020" ind1=" " ind2=" ">
         <subfield code="a">9787501026982</subfield>
      </datafield>
      <datafield tag="020" ind1=" " ind2=" ">
         <subfield code="a">750102698X</subfield>
      </datafield>
      <datafield tag="035" ind1=" " ind2=" ">
         <subfield code="a">(OCoLC)456314918</subfield>
         <subfield code="z">(OCoLC)428012675</subfield>
      </datafield>
      <datafield tag="040" ind1=" " ind2=" ">
         <subfield code="a">WaU</subfield>
         <subfield code="b">eng</subfield>
         <subfield code="c">WAU</subfield>
         <subfield code="d">DLC</subfield>
         <subfield code="d">CFT</subfield>
         <subfield code="d">CNPIT</subfield>
         <subfield code="d">OCLCF</subfield>
         <subfield code="d">NNU</subfield>
      </datafield>
      <datafield tag="041" ind1="0" ind2=" ">
         <subfield code="a">chi</subfield>
         <subfield code="a">eng</subfield>
      </datafield>
      <datafield tag="042" ind1=" " ind2=" ">
         <subfield code="a">lccopycat</subfield>
      </datafield>
      <datafield tag="043" ind1=" " ind2=" ">
         <subfield code="a">a-cc---</subfield>
      </datafield>
      <datafield tag="050" ind1="0" ind2="0">
         <subfield code="a">BX154.C4</subfield>
         <subfield code="b">.J564 2009</subfield>
      </datafield>
      <datafield tag="066" ind1=" " ind2=" ">
         <subfield code="c">$1</subfield>
      </datafield>
      <datafield tag="245" ind1="0" ind2="0">
         <subfield code="6">880-01</subfield>
         <subfield code="a">Jing jiao yi zhen :</subfield>
         <subfield code="b">Luoyang xin chu Tang dai Jing jiao jing dong yan jiu = Precious Nestorian relic : studies on the Nestorian stone pillar of the Tang dynasty recently discovered in Luoyang /</subfield>
         <subfield code="c">Ge Chengyong zhu bian.</subfield>
      </datafield>
      <datafield tag="246" ind1="1" ind2="1">
         <subfield code="a">Precious Nestorian relic : studies on the Nestorian stone pillar of the Tang dynasty recently discovered in Luoyang</subfield>
      </datafield>
      <datafield tag="246" ind1="3" ind2="0">
         <subfield code="a">Studies on the Nestorian stone pillar of the Tang dynasty recently discovered in Luoyang</subfield>
      </datafield>
      <datafield tag="246" ind1="3" ind2="1">
         <subfield code="6">880-02</subfield>
         <subfield code="a">Luoyang xin chu Tang dai jing jiao jing dong yan jiu</subfield>
      </datafield>
      <datafield tag="250" ind1=" " ind2=" ">
         <subfield code="6">880-03</subfield>
         <subfield code="a">Di 1 ban.</subfield>
      </datafield>
      <datafield tag="260" ind1=" " ind2=" ">
         <subfield code="6">880-04</subfield>
         <subfield code="a">Beijing Shi :</subfield>
         <subfield code="b">Wen wu chu ban she,</subfield>
         <subfield code="c">2009.</subfield>
      </datafield>
      <datafield tag="300" ind1=" " ind2=" ">
         <subfield code="a">[2], 4, 173 p., [17] p. of plates :</subfield>
         <subfield code="b">ill. (some col.), Maps ;</subfield>
         <subfield code="c">26 cm.</subfield>
      </datafield>
      <datafield tag="546" ind1=" " ind2=" ">
         <subfield code="a">Some article in English.</subfield>
      </datafield>
      <datafield tag="504" ind1=" " ind2=" ">
         <subfield code="a">Includes bibliographical references.</subfield>
      </datafield>
      <datafield tag="520" ind1=" " ind2=" ">
         <subfield code="6">880-05</subfield>
         <subfield code="a">2006 nian Luoyang xin chu Tang dai "Taqin Jing jiao xuan yuan zhi ben jing" ji jing zhuang ti ji, bu jin shi qian nian yi qian dong fang Ji du jiao ru hua hou de wen wu zheng ju, er qie shi jian zheng Luoyang gu dai zhong wai wen hua jiao liu zui zhen gui de yi chan zhi yi. Ben shu hui ji le jie shao zhan jian Jing jiao yi zhen jia zhi he xue zhe quan fang wei yan jiu de shou pi cheng guo.</subfield>
      </datafield>
      <datafield tag="610" ind1="2" ind2="0">
         <subfield code="a">Church of the East</subfield>
         <subfield code="x">History.</subfield>
      </datafield>
      <datafield tag="630" ind1="0" ind2="0">
         <subfield code="a">Nestorian tablet of Sian-fu.</subfield>
      </datafield>
      <datafield tag="651" ind1=" " ind2="0">
         <subfield code="a">China</subfield>
         <subfield code="x">History</subfield>
         <subfield code="y">Tang dynasty, 618-907.</subfield>
      </datafield>
      <datafield tag="610" ind1="2" ind2="7">
         <subfield code="a">Assyrian Church of the East.</subfield>
         <subfield code="2">fast</subfield>
         <subfield code="0">(OCoLC)fst00616879</subfield>
      </datafield>
      <datafield tag="650" ind1=" " ind2="7">
         <subfield code="a">Tang Dynasty (China)</subfield>
         <subfield code="2">fast</subfield>
         <subfield code="0">(OCoLC)fst01696781</subfield>
      </datafield>
      <datafield tag="651" ind1=" " ind2="7">
         <subfield code="a">China.</subfield>
         <subfield code="2">fast</subfield>
         <subfield code="0">(OCoLC)fst01206073</subfield>
      </datafield>
      <datafield tag="648" ind1=" " ind2="7">
         <subfield code="a">618 - 907</subfield>
         <subfield code="2">fast</subfield>
      </datafield>
      <datafield tag="655" ind1=" " ind2="7">
         <subfield code="a">History.</subfield>
         <subfield code="2">fast</subfield>
         <subfield code="0">(OCoLC)fst01411628</subfield>
      </datafield>
      <datafield tag="700" ind1="1" ind2=" ">
         <subfield code="a">Ge, Chengyong</subfield>
         <subfield code="6">880-06</subfield>
      </datafield>
      <datafield tag="880" ind1="0" ind2="0">
         <subfield code="6">245-01/</subfield>
         <subfield code="a">景教遺珍 :</subfield>
         <subfield code="b">洛陽新出唐代景教經幢研究 = Precious Nestorian relic : studies on the Nestorian stone pillar of the Tang dynasty recently discovered in Luoyang /</subfield>
         <subfield code="c">葛承雍主編.</subfield>
      </datafield>
      <datafield tag="880" ind1="3" ind2="1">
         <subfield code="6">246-02/</subfield>
         <subfield code="a">洛阳新出唐代景教经幢研究</subfield>
      </datafield>
      <datafield tag="880" ind1=" " ind2=" ">
         <subfield code="6">250-03/</subfield>
         <subfield code="a">第1版.</subfield>
      </datafield>
      <datafield tag="880" ind1=" " ind2=" ">
         <subfield code="6">260-04/</subfield>
         <subfield code="a">北京市 :</subfield>
         <subfield code="b">文物出版社,</subfield>
         <subfield code="c">2009.</subfield>
      </datafield>
      <datafield tag="880" ind1=" " ind2=" ">
         <subfield code="6">520-05/</subfield>
         <subfield code="a">2006年洛阳新出唐代《大秦景教宣元至本经》及经幢题记, 不仅是千年以前东方基督教入华后的文物证据, 而且是见证洛阳古代中外文化交流最珍贵的遗产之一. 本书汇集了介绍这件景教遗珍价值和学者全方位研究的首批成果.</subfield>
      </datafield>
      <datafield tag="880" ind1="0" ind2="7">
         <subfield code="6">650-00/</subfield>
         <subfield code="a">景教.</subfield>
         <subfield code="2">cct</subfield>
      </datafield>
      <datafield tag="880" ind1="0" ind2="7">
         <subfield code="6">650-00/</subfield>
         <subfield code="a">宗教石刻.</subfield>
         <subfield code="2">cct</subfield>
      </datafield>
      <datafield tag="880" ind1="0" ind2="7">
         <subfield code="6">650-00/</subfield>
         <subfield code="a">景教</subfield>
         <subfield code="x">宗教石刻</subfield>
         <subfield code="z">洛阳市</subfield>
         <subfield code="y">唐代.</subfield>
         <subfield code="2">cct</subfield>
      </datafield>
      <datafield tag="880" ind1="1" ind2=" ">
         <subfield code="6">700-06/</subfield>
         <subfield code="a">葛承雍.</subfield>
      </datafield>
      <datafield tag="994" ind1=" " ind2=" ">
         <subfield code="a">Z0</subfield>
         <subfield code="b">ZYU</subfield>
      </datafield>
      <datafield tag="OWN" ind1=" " ind2=" ">
         <subfield code="a">GENERAL</subfield>
      </datafield>
      <datafield tag="AVA" ind1=" " ind2=" ">
         <subfield code="a">NYU50</subfield>
         <subfield code="b">NISAW</subfield>
         <subfield code="c">Small Collection</subfield>
         <subfield code="d">BX154.C4 J564 2009</subfield>
         <subfield code="e">available</subfield>
         <subfield code="t">Available</subfield>
         <subfield code="f">1</subfield>
         <subfield code="g">0</subfield>
         <subfield code="h">N</subfield>
         <subfield code="i">0</subfield>
         <subfield code="j">SMALL</subfield>
         <subfield code="k">0</subfield>
      </datafield>
      <marc:datafield tag="852" ind1=" " ind2=" ">
         <marc:subfield code="b">Institute for the Study of the Ancient World, </marc:subfield>
         <marc:subfield code="c">Small Collection</marc:subfield>
         <marc:subfield code="e">15 East 84th St., </marc:subfield>
         <marc:subfield code="e">New York, NY  10028</marc:subfield>
      </marc:datafield>
   </record>