
  
  
  
  
  
 
  
  <record xsi:schemaLocation="http://www.loc.gov/MARC21/slim http://www.loc.gov/standards/marcxml/schema/MARC21slim.xsd">
      <leader>00000cam  2200613 a 4500</leader>
      <controlfield tag="FMT">BK</controlfield>
      <controlfield tag="LDR">00000cam  2200613 a 4500</controlfield>
      <controlfield tag="001">004019203</controlfield>
      <controlfield tag="003">OCoLC</controlfield>
      <controlfield tag="005">20140717141454.0</controlfield>
      <controlfield tag="008">140717s2008    cc abf        000 0 chi d</controlfield>
      <datafield tag="020" ind1=" " ind2=" ">
         <subfield code="a">9787501024414</subfield>
      </datafield>
      <datafield tag="020" ind1=" " ind2=" ">
         <subfield code="a">7501024413</subfield>
      </datafield>
      <datafield tag="035" ind1=" " ind2=" ">
         <subfield code="a">(OCoLC)244560729</subfield>
      </datafield>
      <datafield tag="040" ind1=" " ind2=" ">
         <subfield code="a">CNPIT</subfield>
         <subfield code="c">CNPIT</subfield>
         <subfield code="d">OCLCQ</subfield>
         <subfield code="d">COO</subfield>
         <subfield code="d">CLU</subfield>
         <subfield code="d">DEBBG</subfield>
         <subfield code="d">OCLCF</subfield>
         <subfield code="d">NNU</subfield>
      </datafield>
      <datafield tag="041" ind1="0" ind2=" ">
         <subfield code="a">chi</subfield>
         <subfield code="b">eng</subfield>
      </datafield>
      <datafield tag="043" ind1=" " ind2=" ">
         <subfield code="a">a-cc-kw</subfield>
      </datafield>
      <datafield tag="050" ind1=" " ind2="4">
         <subfield code="a">DS797.35.H494</subfield>
         <subfield code="b">H49 2008</subfield>
      </datafield>
      <datafield tag="066" ind1=" " ind2=" ">
         <subfield code="c">$1</subfield>
      </datafield>
      <datafield tag="245" ind1="0" ind2="0">
         <subfield code="6">880-01</subfield>
         <subfield code="a">Hezhang Kele er ling ling ling nian fa jue bao gao /</subfield>
         <subfield code="c">Guizhou Sheng wen wu kao gu yan jiu suo bian.</subfield>
      </datafield>
      <datafield tag="246" ind1="3" ind2="0">
         <subfield code="6">880-02</subfield>
         <subfield code="a">Hezhang Kele 2000 nian fa jue bao gao</subfield>
      </datafield>
      <datafield tag="246" ind1="1" ind2=" ">
         <subfield code="i">English title on p. [4] of cover:</subfield>
         <subfield code="a">2000 excavation report of tombs in Kele</subfield>
      </datafield>
      <datafield tag="250" ind1=" " ind2=" ">
         <subfield code="6">880-03</subfield>
         <subfield code="a">Di 1 ban.</subfield>
      </datafield>
      <datafield tag="260" ind1=" " ind2=" ">
         <subfield code="6">880-04</subfield>
         <subfield code="a">Beijing :</subfield>
         <subfield code="b">Wen wu chu ban she,</subfield>
         <subfield code="c">2008.</subfield>
      </datafield>
      <datafield tag="300" ind1=" " ind2=" ">
         <subfield code="a">23, 10, 476 p., [87] p. of plates :</subfield>
         <subfield code="b">ill. (some col.), maps ;</subfield>
         <subfield code="c">29 cm.</subfield>
      </datafield>
      <datafield tag="546" ind1=" " ind2=" ">
         <subfield code="a">Abstract also in English.</subfield>
      </datafield>
      <datafield tag="520" ind1=" " ind2=" ">
         <subfield code="6">880-05</subfield>
         <subfield code="a">Ben shu shi Guizhou Sheng kao gu yan jiu suo 2000 nian dui Hezhang Kele Yelang shi qi mu zang kao gu fa jue de wan zheng zi liao gong bu.</subfield>
      </datafield>
      <datafield tag="651" ind1=" " ind2="0">
         <subfield code="a">Hezhang Xian (China)</subfield>
         <subfield code="6">880-06</subfield>
         <subfield code="x">Antiquities.</subfield>
      </datafield>
      <datafield tag="650" ind1=" " ind2="0">
         <subfield code="6">880-07</subfield>
         <subfield code="a">Excavations (Archaeology)</subfield>
         <subfield code="z">China</subfield>
         <subfield code="z">Hezhang Xian.</subfield>
      </datafield>
      <datafield tag="651" ind1=" " ind2="0">
         <subfield code="a">China</subfield>
         <subfield code="x">History</subfield>
         <subfield code="y">Qin-Han dynasties, 221 B.C.-220 A.D.</subfield>
      </datafield>
      <datafield tag="650" ind1="0" ind2="7">
         <subfield code="a">Funde.</subfield>
         <subfield code="2">swd</subfield>
      </datafield>
      <datafield tag="650" ind1="0" ind2="7">
         <subfield code="a">Gräberfeld.</subfield>
         <subfield code="2">swd</subfield>
      </datafield>
      <datafield tag="651" ind1=" " ind2="7">
         <subfield code="a">Guizhou.</subfield>
         <subfield code="2">swd</subfield>
      </datafield>
      <datafield tag="650" ind1=" " ind2="7">
         <subfield code="a">Antiquities.</subfield>
         <subfield code="2">fast</subfield>
         <subfield code="0">(OCoLC)fst00810745</subfield>
      </datafield>
      <datafield tag="650" ind1=" " ind2="7">
         <subfield code="a">Excavations (Archaeology)</subfield>
         <subfield code="2">fast</subfield>
         <subfield code="0">(OCoLC)fst00917564</subfield>
      </datafield>
      <datafield tag="651" ind1=" " ind2="7">
         <subfield code="a">China</subfield>
         <subfield code="z">Hezhang Xian.</subfield>
         <subfield code="2">fast</subfield>
         <subfield code="0">(OCoLC)fst01203795</subfield>
      </datafield>
      <datafield tag="710" ind1="2" ind2=" ">
         <subfield code="6">880-08</subfield>
         <subfield code="a">Guizhou Sheng wen wu kao gu yan jiu suo.</subfield>
      </datafield>
      <datafield tag="880" ind1="0" ind2="0">
         <subfield code="6">245-01/</subfield>
         <subfield code="a">赫章可乐二〇〇〇年发掘报告 /</subfield>
         <subfield code="c">贵州省文物考古研究所编.</subfield>
      </datafield>
      <datafield tag="880" ind1="3" ind2="0">
         <subfield code="6">246-02/</subfield>
         <subfield code="a">赫章可乐2000年发掘报告</subfield>
      </datafield>
      <datafield tag="880" ind1=" " ind2=" ">
         <subfield code="6">250-03/</subfield>
         <subfield code="a">第1版.</subfield>
      </datafield>
      <datafield tag="880" ind1=" " ind2=" ">
         <subfield code="6">260-04/</subfield>
         <subfield code="a">北京 :</subfield>
         <subfield code="b">文物出版社,</subfield>
         <subfield code="c">2008.</subfield>
      </datafield>
      <datafield tag="880" ind1=" " ind2=" ">
         <subfield code="6">520-05/</subfield>
         <subfield code="a">本书是贵州省文物考古研究所2000年对赫章可乐夜郎时期墓葬考古发掘的完整资料公布.</subfield>
      </datafield>
      <datafield tag="880" ind1=" " ind2="4">
         <subfield code="6">651-06/</subfield>
         <subfield code="a">赫章县 (China)</subfield>
         <subfield code="x">Antiquities.</subfield>
      </datafield>
      <datafield tag="880" ind1=" " ind2="4">
         <subfield code="6">650-07/</subfield>
         <subfield code="a">Excavations (Archaeology)</subfield>
         <subfield code="z">China</subfield>
         <subfield code="z">赫章县.</subfield>
      </datafield>
      <datafield tag="880" ind1="2" ind2=" ">
         <subfield code="6">710-08/</subfield>
         <subfield code="a">贵州省文物考古研究所.</subfield>
      </datafield>
      <datafield tag="994" ind1=" " ind2=" ">
         <subfield code="a">Z0</subfield>
         <subfield code="b">ZYU</subfield>
      </datafield>
      <datafield tag="OWN" ind1=" " ind2=" ">
         <subfield code="a">GENERAL</subfield>
      </datafield>
      <datafield tag="AVA" ind1=" " ind2=" ">
         <subfield code="a">NYU50</subfield>
         <subfield code="b">NISAW</subfield>
         <subfield code="c">Large Collection</subfield>
         <subfield code="d">DS797.35.H494 H49 2008</subfield>
         <subfield code="e">available</subfield>
         <subfield code="t">Available</subfield>
         <subfield code="f">1</subfield>
         <subfield code="g">0</subfield>
         <subfield code="h">N</subfield>
         <subfield code="i">0</subfield>
         <subfield code="j">LARGE</subfield>
         <subfield code="k">0</subfield>
      </datafield>
      <marc:datafield tag="852" ind1=" " ind2=" ">
         <marc:subfield code="b">Institute for the Study of the Ancient World, </marc:subfield>
         <marc:subfield code="c">Large Collection</marc:subfield>
         <marc:subfield code="e">15 East 84th St., </marc:subfield>
         <marc:subfield code="e">New York, NY  10028</marc:subfield>
      </marc:datafield>
   </record>