
  
  
  
  
  
 
  
  <record xsi:schemaLocation="http://www.loc.gov/MARC21/slim http://www.loc.gov/standards/marcxml/schema/MARC21slim.xsd">
      <leader>00000cam  2200673 a 4500</leader>
      <controlfield tag="FMT">BK</controlfield>
      <controlfield tag="LDR">00000cam  2200673 a 4500</controlfield>
      <controlfield tag="001">004020314</controlfield>
      <controlfield tag="003">OCoLC</controlfield>
      <controlfield tag="005">20140807114908.0</controlfield>
      <controlfield tag="008">140721s2005    cc abf   b    000 0 chi d</controlfield>
      <datafield tag="010" ind1=" " ind2=" ">
         <subfield code="a">2006433411</subfield>
      </datafield>
      <datafield tag="020" ind1=" " ind2=" ">
         <subfield code="a">7030147561</subfield>
      </datafield>
      <datafield tag="020" ind1=" " ind2=" ">
         <subfield code="a">9787030147561</subfield>
      </datafield>
      <datafield tag="035" ind1=" " ind2=" ">
         <subfield code="a">(OCoLC)60681481</subfield>
      </datafield>
      <datafield tag="040" ind1=" " ind2=" ">
         <subfield code="a">HNK</subfield>
         <subfield code="b">eng</subfield>
         <subfield code="c">HNK</subfield>
         <subfield code="d">CLU</subfield>
         <subfield code="d">DLC</subfield>
         <subfield code="d">SINLB</subfield>
         <subfield code="d">OCLCF</subfield>
         <subfield code="d">NNU</subfield>
      </datafield>
      <datafield tag="041" ind1="0" ind2=" ">
         <subfield code="a">chi</subfield>
         <subfield code="b">eng</subfield>
      </datafield>
      <datafield tag="043" ind1=" " ind2=" ">
         <subfield code="a">a-cc---</subfield>
      </datafield>
      <datafield tag="050" ind1="0" ind2="0">
         <subfield code="a">GN855.C6</subfield>
         <subfield code="b">W36 2005</subfield>
      </datafield>
      <datafield tag="050" ind1=" " ind2="4">
         <subfield code="a">GN772.3.C6</subfield>
         <subfield code="b">W26 2009</subfield>
      </datafield>
      <datafield tag="066" ind1=" " ind2=" ">
         <subfield code="c">$1</subfield>
      </datafield>
      <datafield tag="082" ind1="0" ind2="4">
         <subfield code="a">931.01</subfield>
         <subfield code="2">22</subfield>
      </datafield>
      <datafield tag="100" ind1="1" ind2=" ">
         <subfield code="a">Wang, Youping</subfield>
         <subfield code="6">880-01</subfield>
      </datafield>
      <datafield tag="245" ind1="1" ind2="0">
         <subfield code="6">880-02</subfield>
         <subfield code="a">Zhongguo yuan gu ren lei wen hua de yuan liu /</subfield>
         <subfield code="c">Wang Youping zhu.</subfield>
      </datafield>
      <datafield tag="246" ind1="1" ind2="5">
         <subfield code="a">Roots of pleistocene hominids and cultures in China</subfield>
      </datafield>
      <datafield tag="250" ind1=" " ind2=" ">
         <subfield code="6">880-03</subfield>
         <subfield code="a">Di 1 ban.</subfield>
      </datafield>
      <datafield tag="260" ind1=" " ind2=" ">
         <subfield code="6">880-04</subfield>
         <subfield code="a">Beijing :</subfield>
         <subfield code="b">Ke xue chu ban she,</subfield>
         <subfield code="c">2005.</subfield>
      </datafield>
      <datafield tag="300" ind1=" " ind2=" ">
         <subfield code="a">iv, 340 p., [8] p. of plates :</subfield>
         <subfield code="b">ill. (some col.), maps ;</subfield>
         <subfield code="c">26 cm.</subfield>
      </datafield>
      <datafield tag="490" ind1="1" ind2=" ">
         <subfield code="6">880-05</subfield>
         <subfield code="a">Beijing da xue zhen dan gu dai wen ming yan jiu zhong xin xue shu cong shu =</subfield>
         <subfield code="a">Aurora Centre for the Study of Ancient Civilizations, Peking University publication series ;</subfield>
         <subfield code="v">11</subfield>
      </datafield>
      <datafield tag="546" ind1=" " ind2=" ">
         <subfield code="a">Abstracts also in English.</subfield>
      </datafield>
      <datafield tag="504" ind1=" " ind2=" ">
         <subfield code="a">Includes bibliographical references.</subfield>
      </datafield>
      <datafield tag="520" ind1=" " ind2=" ">
         <subfield code="6">880-06</subfield>
         <subfield code="a">Ben shu shi dai fa zhan wei xu, xi tong jie shao Zhongguo jing nei yuan gu ren lei yu jiu shi qi wen hua de fa xian, zhan shi zao qi ren lei shi ying Zhongguo nei di geng xin shi huan jing de shen cun ce lüe yu yan hua te dian, zhui suo qi yuan liu, jie shi Zhongguo yuan gu ren lei ji qi wen hua fa zhan de xiang dui du li xing te dian.</subfield>
      </datafield>
      <datafield tag="650" ind1=" " ind2="0">
         <subfield code="a">Prehistoric peoples</subfield>
         <subfield code="z">China.</subfield>
      </datafield>
      <datafield tag="650" ind1=" " ind2="0">
         <subfield code="a">Paleolithic period</subfield>
         <subfield code="z">China.</subfield>
      </datafield>
      <datafield tag="650" ind1=" " ind2="0">
         <subfield code="a">Paleontology</subfield>
         <subfield code="z">China.</subfield>
      </datafield>
      <datafield tag="651" ind1=" " ind2="0">
         <subfield code="a">China</subfield>
         <subfield code="x">Antiquities.</subfield>
      </datafield>
      <datafield tag="650" ind1=" " ind2="7">
         <subfield code="a">Antiquities.</subfield>
         <subfield code="2">fast</subfield>
         <subfield code="0">(OCoLC)fst00810745</subfield>
      </datafield>
      <datafield tag="650" ind1=" " ind2="7">
         <subfield code="a">Paleolithic period.</subfield>
         <subfield code="2">fast</subfield>
         <subfield code="0">(OCoLC)fst01051501</subfield>
      </datafield>
      <datafield tag="650" ind1=" " ind2="7">
         <subfield code="a">Paleontology.</subfield>
         <subfield code="2">fast</subfield>
         <subfield code="0">(OCoLC)fst01051513</subfield>
      </datafield>
      <datafield tag="650" ind1=" " ind2="7">
         <subfield code="a">Prehistoric peoples.</subfield>
         <subfield code="2">fast</subfield>
         <subfield code="0">(OCoLC)fst01075242</subfield>
      </datafield>
      <datafield tag="651" ind1=" " ind2="7">
         <subfield code="a">China.</subfield>
         <subfield code="2">fast</subfield>
         <subfield code="0">(OCoLC)fst01206073</subfield>
      </datafield>
      <datafield tag="776" ind1="0" ind2="8">
         <subfield code="i">Online version:</subfield>
         <subfield code="a">Wang, Youping.</subfield>
         <subfield code="t">Zhongguo yuan gu ren lei wen hua de yuan liu.</subfield>
         <subfield code="b">Di 1 ban.</subfield>
         <subfield code="d">Beijing : Ke xue chu ban she, 2005</subfield>
         <subfield code="w">(OCoLC)664777357</subfield>
      </datafield>
      <datafield tag="880" ind1="1" ind2=" ">
         <subfield code="6">100-01/</subfield>
         <subfield code="a">王幼平.</subfield>
      </datafield>
      <datafield tag="880" ind1="1" ind2="0">
         <subfield code="6">245-02/</subfield>
         <subfield code="a">中国远古人类文化的源流 /</subfield>
         <subfield code="c">王幼平著.</subfield>
      </datafield>
      <datafield tag="880" ind1=" " ind2=" ">
         <subfield code="6">250-03/</subfield>
         <subfield code="a">第1版.</subfield>
      </datafield>
      <datafield tag="880" ind1=" " ind2=" ">
         <subfield code="6">260-04/</subfield>
         <subfield code="a">北京 :</subfield>
         <subfield code="b">科学出版社,</subfield>
         <subfield code="c">2005.</subfield>
      </datafield>
      <datafield tag="880" ind1="1" ind2=" ">
         <subfield code="6">490-05/</subfield>
         <subfield code="a">北京大学震旦古代文明研究中心学术丛书 =</subfield>
         <subfield code="a">Aurora Centre for the Study of Ancient Civilizations, Peking University publication series ;</subfield>
         <subfield code="v">11</subfield>
      </datafield>
      <datafield tag="880" ind1=" " ind2=" ">
         <subfield code="6">520-06/</subfield>
         <subfield code="a">本书以时代发展为序, 系统介绍中国境内远古人类与旧石器文化的发现, 展示早期人类适应中国内地更新世环境的生存策略与演化特点, 追溯其源流, 揭示中国远古人类及其文化发展的相对独立性特点.</subfield>
      </datafield>
      <datafield tag="830" ind1=" " ind2="0">
         <subfield code="a">Beijing da xue zhen dan gu dai wen ming yan jiu zhong xin xue shu cong shu</subfield>
         <subfield code="6">880-07</subfield>
         <subfield code="v">11.</subfield>
      </datafield>
      <datafield tag="880" ind1=" " ind2="0">
         <subfield code="6">830-07/</subfield>
         <subfield code="a">北京大学震旦古代文明研究中心学术丛书 ;</subfield>
         <subfield code="v">11.</subfield>
      </datafield>
      <datafield tag="994" ind1=" " ind2=" ">
         <subfield code="a">Z0</subfield>
         <subfield code="b">ZYU</subfield>
      </datafield>
      <datafield tag="OWN" ind1=" " ind2=" ">
         <subfield code="a">GENERAL</subfield>
      </datafield>
      <datafield tag="AVA" ind1=" " ind2=" ">
         <subfield code="a">NYU50</subfield>
         <subfield code="b">NISAW</subfield>
         <subfield code="c">Small Collection</subfield>
         <subfield code="d">GN772.3.C6 W26 2009</subfield>
         <subfield code="e">available</subfield>
         <subfield code="t">Available</subfield>
         <subfield code="f">1</subfield>
         <subfield code="g">0</subfield>
         <subfield code="h">N</subfield>
         <subfield code="i">0</subfield>
         <subfield code="j">SMALL</subfield>
         <subfield code="k">0</subfield>
      </datafield>
      <marc:datafield tag="852" ind1=" " ind2=" ">
         <marc:subfield code="b">Institute for the Study of the Ancient World, </marc:subfield>
         <marc:subfield code="c">Small Collection</marc:subfield>
         <marc:subfield code="e">15 East 84th St., </marc:subfield>
         <marc:subfield code="e">New York, NY  10028</marc:subfield>
      </marc:datafield>
   </record>