
  
  
  
  
  
 
  
  <record xsi:schemaLocation="http://www.loc.gov/MARC21/slim http://www.loc.gov/standards/marcxml/schema/MARC21slim.xsd">
      <leader>00000cam a2200505 a 45M</leader>
      <controlfield tag="FMT">BK</controlfield>
      <controlfield tag="LDR">00000cam a2200505 a 45M</controlfield>
      <controlfield tag="001">002649734</controlfield>
      <controlfield tag="003">NNU</controlfield>
      <controlfield tag="005">20140721103020.0</controlfield>
      <controlfield tag="008">820303s1977    mau      b    001 0 eng d</controlfield>
      <datafield tag="035" ind1="9" ind2=" ">
         <subfield code="a">NYUb10336727</subfield>
      </datafield>
      <datafield tag="035" ind1=" " ind2=" ">
         <subfield code="a">GLIS003367279</subfield>
      </datafield>
      <datafield tag="035" ind1=" " ind2=" ">
         <subfield code="a">(CStRLIN)NYUG82-B4590</subfield>
      </datafield>
      <datafield tag="040" ind1=" " ind2=" ">
         <subfield code="a">MdBJ</subfield>
         <subfield code="c">MdBJ</subfield>
         <subfield code="d">CoFS</subfield>
      </datafield>
      <datafield tag="041" ind1="0" ind2=" ">
         <subfield code="a">englat</subfield>
      </datafield>
      <datafield tag="050" ind1="9" ind2="9">
         <subfield code="a">PA6522</subfield>
         <subfield code="b">.A1 1977 vol. 1</subfield>
      </datafield>
      <datafield tag="050" ind1=" " ind2="4">
         <subfield code="a">PA6156.O9</subfield>
         <subfield code="b">O93 1977</subfield>
      </datafield>
      <datafield tag="090" ind1=" " ind2=" ">
         <subfield code="i">05/20/93 CT</subfield>
         <subfield code="h">08/31/88 CT</subfield>
         <subfield code="h">09/27/83 CT</subfield>
      </datafield>
      <datafield tag="100" ind1="0" ind2=" ">
         <subfield code="a">Ovid,</subfield>
         <subfield code="d">43 B.C.-17 or 18 A.D.</subfield>
      </datafield>
      <datafield tag="240" ind1="1" ind2="0">
         <subfield code="a">Heroides.</subfield>
         <subfield code="l">English &amp; Latin</subfield>
      </datafield>
      <datafield tag="245" ind1="1" ind2="0">
         <subfield code="a">Heroides ; and, Amores /</subfield>
         <subfield code="c">Ovid ; with an English translation by Grant Showerman.</subfield>
      </datafield>
      <datafield tag="246" ind1="3" ind2=" ">
         <subfield code="a">Heroides ; Amores</subfield>
      </datafield>
      <datafield tag="246" ind1="3" ind2=" ">
         <subfield code="a">Amores</subfield>
      </datafield>
      <datafield tag="250" ind1=" " ind2=" ">
         <subfield code="a">2nd ed. /</subfield>
         <subfield code="b">rev. by G.P. Goold.</subfield>
      </datafield>
      <datafield tag="260" ind1=" " ind2=" ">
         <subfield code="a">Cambridge, Mass. :</subfield>
         <subfield code="b">Harvard University Press ;</subfield>
         <subfield code="a">London :</subfield>
         <subfield code="b">Heinemann,</subfield>
         <subfield code="c">1977.</subfield>
      </datafield>
      <datafield tag="300" ind1=" " ind2=" ">
         <subfield code="a">viii, 527 p. ;</subfield>
         <subfield code="c">17 cm.</subfield>
      </datafield>
      <datafield tag="490" ind1="1" ind2=" ">
         <subfield code="a">The Loeb classical library ;</subfield>
         <subfield code="v">41</subfield>
      </datafield>
      <datafield tag="490" ind1="1" ind2=" ">
         <subfield code="a">Ovid ;</subfield>
         <subfield code="v">1</subfield>
      </datafield>
      <datafield tag="500" ind1=" " ind2=" ">
         <subfield code="a">Latin and English on opposite pages.</subfield>
      </datafield>
      <datafield tag="500" ind1=" " ind2=" ">
         <subfield code="a">Issued with various printing dates.</subfield>
      </datafield>
      <datafield tag="500" ind1=" " ind2=" ">
         <subfield code="a">Imprint varies: some printings issued by Harvard University Press alone.</subfield>
      </datafield>
      <datafield tag="500" ind1=" " ind2=" ">
         <subfield code="a">Some printings have at head of t.p.: Ovid in six volumes, I.</subfield>
      </datafield>
      <datafield tag="500" ind1=" " ind2=" ">
         <subfield code="a">Later printings have title: Heroides ; Amores.</subfield>
      </datafield>
      <datafield tag="504" ind1=" " ind2=" ">
         <subfield code="a">Includes bibliographical references (p. 5-6) and index.</subfield>
      </datafield>
      <datafield tag="700" ind1="1" ind2=" ">
         <subfield code="a">Showerman, Grant,</subfield>
         <subfield code="d">1870-1935.</subfield>
      </datafield>
      <datafield tag="700" ind1="1" ind2=" ">
         <subfield code="a">Goold, G. P.</subfield>
      </datafield>
      <datafield tag="700" ind1="0" ind2=" ">
         <subfield code="a">Ovid,</subfield>
         <subfield code="d">43 B.C.-17 or 18 A.D.</subfield>
         <subfield code="t">Amores.</subfield>
         <subfield code="l">English &amp; Latin.</subfield>
      </datafield>
      <datafield tag="800" ind1="0" ind2=" ">
         <subfield code="a">Ovid,</subfield>
         <subfield code="d">43 B.C.-17 or 18 A.D.</subfield>
         <subfield code="t">Works.</subfield>
         <subfield code="l">English &amp; Latin.</subfield>
         <subfield code="f">1977 ;</subfield>
         <subfield code="v">1.</subfield>
      </datafield>
      <datafield tag="830" ind1=" " ind2="0">
         <subfield code="a">Loeb classical library.</subfield>
      </datafield>
      <datafield tag="830" ind1=" " ind2="0">
         <subfield code="a">Loeb classical library ;</subfield>
         <subfield code="v">41.</subfield>
      </datafield>
      <datafield tag="OWN" ind1=" " ind2=" ">
         <subfield code="a">GENERAL</subfield>
      </datafield>
      <datafield tag="AVA" ind1=" " ind2=" ">
         <subfield code="a">NYU52</subfield>
         <subfield code="b">NSHNG</subfield>
         <subfield code="c">Main Collection</subfield>
         <subfield code="d">PA6156.O92 H3 1977</subfield>
         <subfield code="e">unavailable</subfield>
         <subfield code="t">Unavailable</subfield>
         <subfield code="f">1</subfield>
         <subfield code="g">1</subfield>
         <subfield code="h">N</subfield>
         <subfield code="i">0</subfield>
         <subfield code="j">MAIN</subfield>
         <subfield code="k">0</subfield>
      </datafield>
      <datafield tag="AVA" ind1=" " ind2=" ">
         <subfield code="a">NYU51</subfield>
         <subfield code="b">NABUD</subfield>
         <subfield code="c">Loeb Collection</subfield>
         <subfield code="d">PA6522 .A1 1977 vol. 1</subfield>
         <subfield code="e">available</subfield>
         <subfield code="t">Available</subfield>
         <subfield code="f">1</subfield>
         <subfield code="g">0</subfield>
         <subfield code="h">N</subfield>
         <subfield code="i">1</subfield>
         <subfield code="j">LOEB</subfield>
         <subfield code="k">0</subfield>
      </datafield>
      <datafield tag="AVA" ind1=" " ind2=" ">
         <subfield code="a">NYU50</subfield>
         <subfield code="b">BOBST</subfield>
         <subfield code="c">1st Floor Reference - Study</subfield>
         <subfield code="d">PA3611 .A1 v.412 Non-circulating</subfield>
         <subfield code="e">available</subfield>
         <subfield code="t">Available</subfield>
         <subfield code="f">5</subfield>
         <subfield code="g">2</subfield>
         <subfield code="h">N</subfield>
         <subfield code="i">8</subfield>
         <subfield code="j">REF1S</subfield>
         <subfield code="k">0</subfield>
      </datafield>
      <datafield tag="AVA" ind1=" " ind2=" ">
         <subfield code="a">NYU50</subfield>
         <subfield code="b">NIFA</subfield>
         <subfield code="c">Classical</subfield>
         <subfield code="d">LOEB LATIN Non-circulating</subfield>
         <subfield code="e">available</subfield>
         <subfield code="t">Available</subfield>
         <subfield code="f">1</subfield>
         <subfield code="g">0</subfield>
         <subfield code="h">N</subfield>
         <subfield code="i">0</subfield>
         <subfield code="j">CLASS</subfield>
         <subfield code="k">0</subfield>
      </datafield>
      <datafield tag="AVA" ind1=" " ind2=" ">
         <subfield code="a">NYU50</subfield>
         <subfield code="b">NISAW</subfield>
         <subfield code="c">Reference 3 Collection</subfield>
         <subfield code="d">PA6156.O9 O93 1977</subfield>
         <subfield code="e">available</subfield>
         <subfield code="t">Available</subfield>
         <subfield code="f">1</subfield>
         <subfield code="g">0</subfield>
         <subfield code="h">N</subfield>
         <subfield code="i">0</subfield>
         <subfield code="j">REF3</subfield>
         <subfield code="k">0</subfield>
      </datafield>
      <marc:datafield tag="852" ind1=" " ind2=" ">
         <marc:subfield code="b">Institute for the Study of the Ancient World, </marc:subfield>
         <marc:subfield code="c">Reference 3 Collection</marc:subfield>
         <marc:subfield code="e">15 East 84th St., </marc:subfield>
         <marc:subfield code="e">New York, NY  10028</marc:subfield>
      </marc:datafield>
   </record>