
  
  
  
  
  
 
  
  <record xsi:schemaLocation="http://www.loc.gov/MARC21/slim http://www.loc.gov/standards/marcxml/schema/MARC21slim.xsd">
      <leader>00000cam  2200541 a 4500</leader>
      <controlfield tag="FMT">BK</controlfield>
      <controlfield tag="LDR">00000cam  2200541 a 4500</controlfield>
      <controlfield tag="001">004020818</controlfield>
      <controlfield tag="003">OCoLC</controlfield>
      <controlfield tag="005">20140722150313.0</controlfield>
      <controlfield tag="008">140722s2007    cc af    c    000 0 chi d</controlfield>
      <datafield tag="020" ind1=" " ind2=" ">
         <subfield code="a">9787501021680</subfield>
      </datafield>
      <datafield tag="020" ind1=" " ind2=" ">
         <subfield code="a">7501021686</subfield>
      </datafield>
      <datafield tag="035" ind1=" " ind2=" ">
         <subfield code="a">(OCoLC)181898277</subfield>
      </datafield>
      <datafield tag="040" ind1=" " ind2=" ">
         <subfield code="a">HLS</subfield>
         <subfield code="c">HLS</subfield>
         <subfield code="d">OCLCQ</subfield>
         <subfield code="d">CLU</subfield>
         <subfield code="d">NNU</subfield>
      </datafield>
      <datafield tag="043" ind1=" " ind2=" ">
         <subfield code="a">a-cc---</subfield>
         <subfield code="a">a-cc-ku</subfield>
      </datafield>
      <datafield tag="050" ind1=" " ind2="4">
         <subfield code="a">NK4165</subfield>
         <subfield code="b">.D36 2007</subfield>
      </datafield>
      <datafield tag="066" ind1=" " ind2=" ">
         <subfield code="c">$1</subfield>
      </datafield>
      <datafield tag="110" ind1="2" ind2=" ">
         <subfield code="a">Danyang tong jing qing ci bo wu guan</subfield>
         <subfield code="6">880-01</subfield>
      </datafield>
      <datafield tag="245" ind1="1" ind2="0">
         <subfield code="6">880-02</subfield>
         <subfield code="a">Danyang tong jing qing ci bo wu guan :</subfield>
         <subfield code="b">Ji gu tang /</subfield>
         <subfield code="c">zhu bian Chen Fengjiu ;</subfield>
      </datafield>
      <datafield tag="246" ind1="3" ind2="0">
         <subfield code="6">880-03</subfield>
         <subfield code="a">Ji gu tang</subfield>
      </datafield>
      <datafield tag="250" ind1=" " ind2=" ">
         <subfield code="6">880-04</subfield>
         <subfield code="a">Di 1 ban.</subfield>
      </datafield>
      <datafield tag="260" ind1=" " ind2=" ">
         <subfield code="6">880-05</subfield>
         <subfield code="a">Beijing :</subfield>
         <subfield code="b">Wen wu chu ban she,</subfield>
         <subfield code="c">2007.</subfield>
      </datafield>
      <datafield tag="300" ind1=" " ind2=" ">
         <subfield code="a">185 p. :</subfield>
         <subfield code="b">chiefly col. ill. ; 174 p. of plates.</subfield>
         <subfield code="c">30 cm.</subfield>
      </datafield>
      <datafield tag="520" ind1=" " ind2=" ">
         <subfield code="6">880-06</subfield>
         <subfield code="a">Ben shu shou lu le you Danyang tong jing qing ci bo wu guan shou cang de 280 yu jian qing tong, ci qi jing pin. Qi zhong, Zhanguo shi qi de liu yin feng wen zun deng dou shu yu hao hua xing de gong yi pin, ke yi shuo ji ben shang fan ying le yi duan shi qi de qing tong zhu zao gong yi, qing ci shao zhi gong yi, ju you hen gao de yan jiu jia zhi, li shi jia zhi he shou cang jia zhi.</subfield>
      </datafield>
      <datafield tag="600" ind1="1" ind2="0">
         <subfield code="6">880-07</subfield>
         <subfield code="a">Chen, Fengjiu</subfield>
         <subfield code="x">Art collections</subfield>
         <subfield code="v">Catalogs.</subfield>
      </datafield>
      <datafield tag="610" ind1="2" ind2="0">
         <subfield code="6">880-08</subfield>
         <subfield code="a">Danyang tong jing qing ci bo wu guan</subfield>
         <subfield code="v">Catalogs.</subfield>
      </datafield>
      <datafield tag="650" ind1=" " ind2="0">
         <subfield code="a">Pottery, Chinese</subfield>
         <subfield code="x">Private collections</subfield>
         <subfield code="z">China</subfield>
         <subfield code="z">Danyang Shi</subfield>
         <subfield code="v">Catalogs.</subfield>
      </datafield>
      <datafield tag="651" ind1=" " ind2="0">
         <subfield code="a">Danyang Shi (China)</subfield>
         <subfield code="6">880-09</subfield>
         <subfield code="x">Antiquities.</subfield>
      </datafield>
      <datafield tag="700" ind1="1" ind2=" ">
         <subfield code="a">Chen, Fengjiu</subfield>
         <subfield code="6">880-10</subfield>
      </datafield>
      <datafield tag="700" ind1="1" ind2=" ">
         <subfield code="a">Chen, Pengfei</subfield>
         <subfield code="6">880-11</subfield>
      </datafield>
      <datafield tag="776" ind1="0" ind2="8">
         <subfield code="i">Online version:</subfield>
         <subfield code="a">Danyang tong jing qing ci bo wu guan.</subfield>
         <subfield code="t">Danyang tong jing qing ci bo wu guan.</subfield>
         <subfield code="b">Di 1 ban.</subfield>
         <subfield code="d">Beijing : Wen wu chu ban she, 2007</subfield>
         <subfield code="w">(OCoLC)676722160</subfield>
      </datafield>
      <datafield tag="880" ind1="2" ind2=" ">
         <subfield code="6">110-01/</subfield>
         <subfield code="a">丹阳铜镜青瓷博物馆.</subfield>
      </datafield>
      <datafield tag="880" ind1="1" ind2="0">
         <subfield code="6">245-02/</subfield>
         <subfield code="a">丹阳铜镜青瓷博物馆 :</subfield>
         <subfield code="b">集古堂 /</subfield>
         <subfield code="c">主编陈凤九 ; 副主编陈鹏飞.</subfield>
      </datafield>
      <datafield tag="880" ind1="3" ind2="0">
         <subfield code="6">246-03/</subfield>
         <subfield code="a">集古堂</subfield>
      </datafield>
      <datafield tag="880" ind1=" " ind2=" ">
         <subfield code="6">250-04/</subfield>
         <subfield code="a">第1版.</subfield>
      </datafield>
      <datafield tag="880" ind1=" " ind2=" ">
         <subfield code="6">260-05/</subfield>
         <subfield code="a">北京 :</subfield>
         <subfield code="b">文物出版社,</subfield>
         <subfield code="c">2007.</subfield>
      </datafield>
      <datafield tag="880" ind1=" " ind2=" ">
         <subfield code="6">520-06/</subfield>
         <subfield code="a">本书收录了由丹阳铜镜青瓷博物馆收藏的280余件青铜、瓷器精品。其中，战国时期的鎏金凤纹鐏等都属于豪华型的工艺品，可以说基本上反映了一段时期的青铜铸造工艺、青瓷烧制工艺，具有很高的研究价值、历史价值和收藏价值。</subfield>
      </datafield>
      <datafield tag="880" ind1="1" ind2="4">
         <subfield code="6">600-07/</subfield>
         <subfield code="a">陈凤九</subfield>
         <subfield code="x">Art collections</subfield>
         <subfield code="v">Catalogs.</subfield>
      </datafield>
      <datafield tag="880" ind1="2" ind2="4">
         <subfield code="6">610-08/</subfield>
         <subfield code="a">丹阳铜镜青瓷博物馆</subfield>
         <subfield code="v">Catalogs.</subfield>
      </datafield>
      <datafield tag="880" ind1=" " ind2="4">
         <subfield code="6">651-09/</subfield>
         <subfield code="a">丹阳市 (China)</subfield>
         <subfield code="x">Antiquities.</subfield>
      </datafield>
      <datafield tag="880" ind1="1" ind2=" ">
         <subfield code="6">700-10/</subfield>
         <subfield code="a">陈凤九.</subfield>
      </datafield>
      <datafield tag="880" ind1="1" ind2=" ">
         <subfield code="6">700-11/</subfield>
         <subfield code="a">陈鹏飞.</subfield>
      </datafield>
      <datafield tag="994" ind1=" " ind2=" ">
         <subfield code="a">Z0</subfield>
         <subfield code="b">ZYU</subfield>
      </datafield>
      <datafield tag="OWN" ind1=" " ind2=" ">
         <subfield code="a">GENERAL</subfield>
      </datafield>
      <datafield tag="AVA" ind1=" " ind2=" ">
         <subfield code="a">NYU50</subfield>
         <subfield code="b">NISAW</subfield>
         <subfield code="c">Oversize Collection</subfield>
         <subfield code="d">NK4165 .D36 2007</subfield>
         <subfield code="e">available</subfield>
         <subfield code="t">Available</subfield>
         <subfield code="f">1</subfield>
         <subfield code="g">0</subfield>
         <subfield code="h">N</subfield>
         <subfield code="i">0</subfield>
         <subfield code="j">OVERZ</subfield>
         <subfield code="k">0</subfield>
      </datafield>
      <marc:datafield tag="852" ind1=" " ind2=" ">
         <marc:subfield code="b">Institute for the Study of the Ancient World, </marc:subfield>
         <marc:subfield code="c">Oversize Collection</marc:subfield>
         <marc:subfield code="e">15 East 84th St., </marc:subfield>
         <marc:subfield code="e">New York, NY  10028</marc:subfield>
      </marc:datafield>
   </record>