
  
  
  
  
  
  
 
  
  <record xsi:schemaLocation="http://www.loc.gov/MARC21/slim http://www.loc.gov/standards/marcxml/schema/MARC21slim.xsd">
      <leader>00000cam a2200337 a 45M</leader>
      <controlfield tag="FMT">BK</controlfield>
      <controlfield tag="LDR">00000cam a2200337 a 45M</controlfield>
      <controlfield tag="001">002485581</controlfield>
      <controlfield tag="003">NNU</controlfield>
      <controlfield tag="005">20140722150819.0</controlfield>
      <controlfield tag="008">751211s1976    nyucef   b    011 0 eng</controlfield>
      <datafield tag="010" ind1=" " ind2=" ">
         <subfield code="a">75035617</subfield>
      </datafield>
      <datafield tag="020" ind1=" " ind2=" ">
         <subfield code="a">038505257X</subfield>
      </datafield>
      <datafield tag="035" ind1="9" ind2=" ">
         <subfield code="a">NYUb10135786</subfield>
      </datafield>
      <datafield tag="035" ind1=" " ind2=" ">
         <subfield code="a">(CStRLIN)NYUG1975958B</subfield>
      </datafield>
      <datafield tag="035" ind1=" " ind2=" ">
         <subfield code="a">GLIS00135786X</subfield>
      </datafield>
      <datafield tag="040" ind1=" " ind2=" ">
         <subfield code="a">DLC</subfield>
         <subfield code="c">DLC</subfield>
         <subfield code="d">NNU</subfield>
      </datafield>
      <datafield tag="050" ind1=" " ind2="4">
         <subfield code="a">BS1192</subfield>
         <subfield code="b">.M34 1976</subfield>
      </datafield>
      <datafield tag="082" ind1=" " ind2=" ">
         <subfield code="a">221.9/3</subfield>
      </datafield>
      <datafield tag="245" ind1="0" ind2="0">
         <subfield code="a">Magnalia Dei, the mighty acts of God :</subfield>
         <subfield code="b">essays on the Bible and archaeology in memory of G. Ernest Wright /</subfield>
         <subfield code="c">edited by Frank Moore Cross, Werner E. Lemke, and Patrick D. Miller, Jr.</subfield>
      </datafield>
      <datafield tag="246" ind1="3" ind2="0">
         <subfield code="a">Mighty acts of God</subfield>
      </datafield>
      <datafield tag="246" ind1="3" ind2="0">
         <subfield code="a">Essays on the Bible and archaeology in memory of G. Ernest Wright</subfield>
      </datafield>
      <datafield tag="250" ind1=" " ind2=" ">
         <subfield code="a">1st ed.</subfield>
      </datafield>
      <datafield tag="260" ind1=" " ind2=" ">
         <subfield code="a">Garden City, N.Y. :</subfield>
         <subfield code="b">Doubleday,</subfield>
         <subfield code="c">c1976.</subfield>
      </datafield>
      <datafield tag="300" ind1=" " ind2=" ">
         <subfield code="a">xii, 611 p., [8] p. of plates :</subfield>
         <subfield code="b">ill., plan, port. ;</subfield>
         <subfield code="c">24 cm.</subfield>
      </datafield>
      <datafield tag="500" ind1=" " ind2=" ">
         <subfield code="a">ISAW copy is from the Library of Hayim and Miriam Tadmor.</subfield>
         <subfield code="5">NNU</subfield>
      </datafield>
      <datafield tag="504" ind1=" " ind2=" ">
         <subfield code="a">Includes bibliographical references and indexes.</subfield>
      </datafield>
      <datafield tag="504" ind1=" " ind2=" ">
         <subfield code="a">"The bibliography of G. Ernest Wright": p. [577]-593.</subfield>
      </datafield>
      <datafield tag="505" ind1="0" ind2="0">
         <subfield code="g">I. Patriarchs and judges.</subfield>
         <subfield code="t">Beginning of the Middle Bronze Age in Syria-Palestine /</subfield>
         <subfield code="r">William G. Dever --</subfield>
         <subfield code="t">Two Amarna notes : the Shechem city-state and Amarna administrative terminology /</subfield>
         <subfield code="r">Edward F. Campbell --</subfield>
         <subfield code="t">Divine names and title in early Hebrew poetry /</subfield>
         <subfield code="r">David Noel Freedman --</subfield>
         <subfield code="t">Mythopoeic antecedents of the biblical world-view and thier transformation in early Israelite thought /</subfield>
         <subfield code="r">Lynn Clapham --</subfield>
         <subfield code="t">Moses in historical and theological perspective /</subfield>
         <subfield code="r">William Foxwell Albright --</subfield>
         <subfield code="t">Social organization in early Israel /</subfield>
         <subfield code="r">George E. Mendenhall --</subfield>
         <subfield code="t">Charismatic leadership in the Book of Judges /</subfield>
         <subfield code="r">Abraham Malamat --</subfield>
         <subfield code="g">II. Prophets and kings.</subfield>
         <subfield code="t">Origins of prophecy /</subfield>
         <subfield code="r">Herbert B. Huffmon --</subfield>
         <subfield code="t">"Orpheus" jug from Megiddo /</subfield>
         <subfield code="r">Benjamin Mazar --</subfield>
         <subfield code="t">Organization and administration of the Israelite empire /</subfield>
         <subfield code="r">John Bright --</subfield>
         <subfield code="t">Solomon, Siamun, and the double ax /</subfield>
         <subfield code="r">H. Darrell Lance --</subfield>
         <subfield code="t">Israel and Phoenicia /</subfield>
         <subfield code="r">Brian Peckham --</subfield>
         <subfield code="t">Megiddo stables /</subfield>
         <subfield code="r">Yigael Yadin --</subfield>
         <subfield code="t">Of sherds and strata : contributions toward an understanding of the archaeology of the divided monarchy /</subfield>
         <subfield code="r">John S. Holladay --</subfield>
         <subfield code="t">New light on the Na'ar seals /</subfield>
         <subfield code="r">Nachman Avigad --</subfield>
         <subfield code="t">Way of obedience : I Kings 13 and the structure of the deuteronomistic history /</subfield>
         <subfield code="r">Werner E. Lemke --</subfield>
         <subfield code="g">III. Exile and restoration.</subfield>
         <subfield code="t">"Olden gods" in ancient Near Eastern creation myths /</subfield>
         <subfield code="r">Frank Moore Cross --</subfield>
         <subfield code="t">Exodus and covenant in second Isaiah and prophetic tradition /</subfield>
         <subfield code="r">Bernhard W. Anderson --</subfield>
         <subfield code="t">Ezra and Nehemiah in recent studies /</subfield>
         <subfield code="r">Ralph W. Klein --</subfield>
         <subfield code="t">Reflections on the modern study of the psalms /</subfield>
         <subfield code="r">Brevard S. Childs --</subfield>
         <subfield code="t">Prolegomena to the study of Jewish apocalyptic /</subfield>
         <subfield code="r">Paul D. Hanson --</subfield>
         <subfield code="t">Lists of revealed things in the apocalyptic literature /</subfield>
         <subfield code="r">Michael E. Stone --</subfield>
      </datafield>
      <datafield tag="505" ind1="0" ind2="0">
         <subfield code="g">IV. The Bible and theology.</subfield>
         <subfield code="t">On sharing the scriptures /</subfield>
         <subfield code="r">Moshe Greenberg --</subfield>
         <subfield code="t">Faith and ideology in the Old Testament /</subfield>
         <subfield code="r">Patrick D. Miller, Jr. --</subfield>
         <subfield code="t">Old Testament in "process" prespective : proposal for a way forward in biblical theology /</subfield>
         <subfield code="r">J. Gerald Janzen --</subfield>
         <subfield code="t">Historical and canonical : recent discussion about the Old Testament and Christian faith /</subfield>
         <subfield code="r">James Mays --</subfield>
         <subfield code="g">V. Canon and text .</subfield>
         <subfield code="t">Adaptable for life : the nature and function of canon /</subfield>
         <subfield code="r">J.A. Sanders --</subfield>
         <subfield code="t">Jewish palaeography and its bearing on text critical studies /</subfield>
         <subfield code="r">Richard S. Hanson.</subfield>
      </datafield>
      <datafield tag="600" ind1="1" ind2="0">
         <subfield code="a">Wright, G. Ernest</subfield>
         <subfield code="q">(George Ernest),</subfield>
         <subfield code="d">1909-1974.</subfield>
      </datafield>
      <datafield tag="600" ind1="1" ind2="0">
         <subfield code="a">Wright, G. Ernest</subfield>
         <subfield code="q">(George Ernest),</subfield>
         <subfield code="d">1909-1974</subfield>
         <subfield code="v">Bibliography.</subfield>
      </datafield>
      <datafield tag="630" ind1="0" ind2="0">
         <subfield code="a">Bible.</subfield>
         <subfield code="p">Old Testament</subfield>
      </datafield>
      <datafield tag="630" ind1="0" ind2="0">
         <subfield code="a">Bible.</subfield>
         <subfield code="p">Old Testament</subfield>
         <subfield code="x">Antiquities.</subfield>
      </datafield>
      <datafield tag="700" ind1="1" ind2=" ">
         <subfield code="a">Cross, Frank Moore</subfield>
         <subfield code="e">ed.</subfield>
      </datafield>
      <datafield tag="700" ind1="1" ind2=" ">
         <subfield code="a">Lemke, Werner E.,</subfield>
         <subfield code="e">ed.</subfield>
      </datafield>
      <datafield tag="700" ind1="1" ind2=" ">
         <subfield code="a">Miller, Patrick D.</subfield>
         <subfield code="e">ed.</subfield>
      </datafield>
      <datafield tag="700" ind1="1" ind2=" ">
         <subfield code="a">Wright, G. Ernest</subfield>
         <subfield code="q">(George Ernest),</subfield>
         <subfield code="d">1909-1974</subfield>
         <subfield code="e">honoree.</subfield>
      </datafield>
      <datafield tag="796" ind1="1" ind2=" ">
         <subfield code="a">Tadmor, Hayim,</subfield>
         <subfield code="e">former owner.</subfield>
      </datafield>
      <datafield tag="796" ind1="1" ind2=" ">
         <subfield code="a">Tadmor, Miriam,</subfield>
         <subfield code="e">former owner.</subfield>
      </datafield>
      <datafield tag="797" ind1="2" ind2=" ">
         <subfield code="a">Tadmor Collection.</subfield>
      </datafield>
      <datafield tag="OWN" ind1=" " ind2=" ">
         <subfield code="a">GENERAL</subfield>
      </datafield>
      <datafield tag="950" ind1=" " ind2=" ">
         <subfield code="l">BStack</subfield>
         <subfield code="a">BS1192</subfield>
         <subfield code="b">.M34</subfield>
         <subfield code="i">01/01/01 N</subfield>
         <subfield code="x">1</subfield>
      </datafield>
      <datafield tag="AVA" ind1=" " ind2=" ">
         <subfield code="a">NYU50</subfield>
         <subfield code="b">BOBST</subfield>
         <subfield code="c">Main Collection</subfield>
         <subfield code="d">BS1192 .M34</subfield>
         <subfield code="e">available</subfield>
         <subfield code="t">Available</subfield>
         <subfield code="f">1</subfield>
         <subfield code="g">0</subfield>
         <subfield code="h">N</subfield>
         <subfield code="i">3</subfield>
         <subfield code="j">MAIN</subfield>
         <subfield code="k">0</subfield>
      </datafield>
      <datafield tag="AVA" ind1=" " ind2=" ">
         <subfield code="a">NYU50</subfield>
         <subfield code="b">NISAW</subfield>
         <subfield code="c">Small Collection</subfield>
         <subfield code="d">BS1192 .M34 1976</subfield>
         <subfield code="e">available</subfield>
         <subfield code="t">Available</subfield>
         <subfield code="f">1</subfield>
         <subfield code="g">0</subfield>
         <subfield code="h">N</subfield>
         <subfield code="i">0</subfield>
         <subfield code="j">SMALL</subfield>
         <subfield code="k">0</subfield>
      </datafield>
      <marc:datafield tag="852" ind1=" " ind2=" ">
         <marc:subfield code="b">Institute for the Study of the Ancient World, </marc:subfield>
         <marc:subfield code="c">Small Collection</marc:subfield>
         <marc:subfield code="e">15 East 84th St., </marc:subfield>
         <marc:subfield code="e">New York, NY  10028</marc:subfield>
      </marc:datafield>
   </record>