
  
  
  
  
  
  
 
  
  <record xsi:schemaLocation="http://www.loc.gov/MARC21/slim http://www.loc.gov/standards/marcxml/schema/MARC21slim.xsd">
      <leader>00000cam a2200721 a 4500</leader>
      <controlfield tag="FMT">BK</controlfield>
      <controlfield tag="LDR">00000cam a2200721 a 4500</controlfield>
      <controlfield tag="001">004021172</controlfield>
      <controlfield tag="003">OCoLC</controlfield>
      <controlfield tag="005">20140723113734.0</controlfield>
      <controlfield tag="008">140723s1961    nyuac    b    011 0 eng</controlfield>
      <datafield tag="010" ind1=" " ind2=" ">
         <subfield code="a">61008699</subfield>
      </datafield>
      <datafield tag="035" ind1=" " ind2=" ">
         <subfield code="a">(OCoLC)1550200</subfield>
         <subfield code="z">(OCoLC)3489091</subfield>
         <subfield code="z">(OCoLC)640068901</subfield>
         <subfield code="z">(OCoLC)750825377</subfield>
      </datafield>
      <datafield tag="040" ind1=" " ind2=" ">
         <subfield code="a">DLC</subfield>
         <subfield code="b">eng</subfield>
         <subfield code="c">FBA</subfield>
         <subfield code="d">DLC</subfield>
         <subfield code="d">PGC</subfield>
         <subfield code="d">SMI</subfield>
         <subfield code="d">NLGGC</subfield>
         <subfield code="d">DRB</subfield>
         <subfield code="d">WY@</subfield>
         <subfield code="d">IDI</subfield>
         <subfield code="d">HEBIS</subfield>
         <subfield code="d">GDC</subfield>
         <subfield code="d">OCLCO</subfield>
         <subfield code="d">OCLCA</subfield>
         <subfield code="d">ALAUL</subfield>
         <subfield code="d">OCLCQ</subfield>
         <subfield code="d">OCLCO</subfield>
         <subfield code="d">NNU</subfield>
      </datafield>
      <datafield tag="042" ind1=" " ind2=" ">
         <subfield code="a">premarc</subfield>
      </datafield>
      <datafield tag="043" ind1=" " ind2=" ">
         <subfield code="a">aw-----</subfield>
      </datafield>
      <datafield tag="050" ind1=" " ind2="4">
         <subfield code="a">BS1188</subfield>
         <subfield code="b">.B5 1961</subfield>
      </datafield>
      <datafield tag="082" ind1=" " ind2=" ">
         <subfield code="a">221.6</subfield>
      </datafield>
      <datafield tag="084" ind1=" " ind2=" ">
         <subfield code="a">11.40</subfield>
         <subfield code="2">bcl</subfield>
      </datafield>
      <datafield tag="245" ind1="0" ind2="4">
         <subfield code="a">The Bible and the ancient Near East :</subfield>
         <subfield code="b">essays in honor of William Foxwell Albright /</subfield>
         <subfield code="c">edited by G. Ernest Wright.</subfield>
      </datafield>
      <datafield tag="246" ind1="3" ind2=" ">
         <subfield code="a">Essays in honor of William Foxwell Albright</subfield>
      </datafield>
      <datafield tag="250" ind1=" " ind2=" ">
         <subfield code="a">1st ed.</subfield>
      </datafield>
      <datafield tag="260" ind1=" " ind2=" ">
         <subfield code="a">Garden City, N.Y. :</subfield>
         <subfield code="b">Doubleday,</subfield>
         <subfield code="c">1961.</subfield>
      </datafield>
      <datafield tag="300" ind1=" " ind2=" ">
         <subfield code="a">409 pages :</subfield>
         <subfield code="b">illustrations, portrait ;</subfield>
         <subfield code="c">24 cm</subfield>
      </datafield>
      <datafield tag="336" ind1=" " ind2=" ">
         <subfield code="a">text</subfield>
         <subfield code="b">txt</subfield>
         <subfield code="2">rdacontent</subfield>
      </datafield>
      <datafield tag="337" ind1=" " ind2=" ">
         <subfield code="a">unmediated</subfield>
         <subfield code="b">n</subfield>
         <subfield code="2">rdamedia</subfield>
      </datafield>
      <datafield tag="338" ind1=" " ind2=" ">
         <subfield code="a">volume</subfield>
         <subfield code="b">nc</subfield>
         <subfield code="2">rdacarrier</subfield>
      </datafield>
      <datafield tag="500" ind1=" " ind2=" ">
         <subfield code="a">ISAW copy is from the Library of Hayim and Miriam Tadmor.</subfield>
         <subfield code="5">NNU</subfield>
      </datafield>
      <datafield tag="504" ind1=" " ind2=" ">
         <subfield code="a">Includes bibliographical references and indexes.</subfield>
      </datafield>
      <datafield tag="504" ind1=" " ind2=" ">
         <subfield code="a">"Bibliography of W.F. Albright": pages [363]-389.</subfield>
      </datafield>
      <datafield tag="505" ind1="0" ind2="0">
         <subfield code="t">Modern study of Old Testament literature /</subfield>
         <subfield code="r">John Bright --</subfield>
         <subfield code="t">Biblical history in transition /</subfield>
         <subfield code="r">George E. Mendenhall --</subfield>
         <subfield code="t">Hebrew language in its northwest Semitic background /</subfield>
         <subfield code="r">William J. Moran --</subfield>
         <subfield code="t">Archaeology of Palestine /</subfield>
         <subfield code="r">G. Ernest Wright --</subfield>
         <subfield code="t">Textual criticism of the Old Testament /</subfield>
         <subfield code="r">Harry M. Orlinsky --</subfield>
         <subfield code="t">Development of the Jewish scripts /</subfield>
         <subfield code="r">Frank M. Cross --</subfield>
         <subfield code="t">Chronology of Israel and the ancient Near East : Old Testament chronology /</subfield>
         <subfield code="r">David Noel Freedman --</subfield>
         <subfield code="t">Chronology of Israel and the ancient Near East : the ancient Near East : chronological bibliography and charts /</subfield>
         <subfield code="r">Edward F. Campbell --</subfield>
         <subfield code="t">South Arabian history and archaeology /</subfield>
         <subfield code="r">Gus W. Van Beek --</subfield>
         <subfield code="t">Sumerian literature, a general survey /</subfield>
         <subfield code="r">Samuel Noah Kramer --</subfield>
         <subfield code="t">Formative tendencies in Sumerian religion /</subfield>
         <subfield code="r">Thorkild Jacobsen --</subfield>
         <subfield code="t">Egypt : its language and literature /</subfield>
         <subfield code="r">Thomas O. Lambdin --</subfield>
         <subfield code="t">Egyptian culture and religion /</subfield>
         <subfield code="r">John A. Wilson --</subfield>
         <subfield code="t">Hittite and Anatolian studies /</subfield>
         <subfield code="r">Albrecht Goetze --</subfield>
         <subfield code="t">Appendix I: The role of the Canaanites in the history of civilization /</subfield>
         <subfield code="r">W.F. Albright --</subfield>
         <subfield code="t">Appendix II: Bibliography of W.F. Albright.</subfield>
      </datafield>
      <datafield tag="520" ind1=" " ind2=" ">
         <subfield code="a">The essays of this volume, presented to Professor Albright on his seventieth birth-day, were written by nine of his outstanding pupils and five of this country's most eminent specialists in the study of the ancient Near East. The essays range almost as wide as the interests of the great scholar to whom they are dedicated, covering developments and trends of the past few decades in OT literature, history, language, archeology, paleography, chronology; South Arabian studies; Sumerian literature and religion; Egyptian language, literature, and religion; Hittite and Anatolian studies. John Bright in the opening essay on "Modern study of Old Testament literature" well says, "It is fitting that a volume in honor of William Foxwell Albright should begin with a chapter on Biblical literature and criticism. For, while it is possible that future generations will remember Professor Albright less as a Biblical critic sensu stricto than for his countless contributions to linguistic science, archeology, and the whole field of ancient Oriental history, it is probable that few men of our times have affected the course of Old Testament studies more profoundly than he. More than this, he has awakened an interest in, and imparted an understanding of, the Bible to many students who have sat at his feet, as the present writer would like gratefully to testify."--Http://www.jstor.org (Sep. 15, 2013).</subfield>
      </datafield>
      <datafield tag="630" ind1="0" ind2="0">
         <subfield code="a">Bible.</subfield>
         <subfield code="p">Old Testament</subfield>
         <subfield code="x">Criticism, interpretation, etc.</subfield>
      </datafield>
      <datafield tag="651" ind1=" " ind2="0">
         <subfield code="a">Middle East</subfield>
         <subfield code="x">History.</subfield>
      </datafield>
      <datafield tag="650" ind1=" " ind2="0">
         <subfield code="a">Religions</subfield>
         <subfield code="x">History.</subfield>
      </datafield>
      <datafield tag="600" ind1="1" ind2="0">
         <subfield code="a">Albright, William Foxwell,</subfield>
         <subfield code="d">1891-1971.</subfield>
      </datafield>
      <datafield tag="700" ind1="1" ind2=" ">
         <subfield code="a">Wright, G. Ernest</subfield>
         <subfield code="q">(George Ernest),</subfield>
         <subfield code="d">1909-1974</subfield>
         <subfield code="e">editor.</subfield>
      </datafield>
      <datafield tag="700" ind1="1" ind2=" ">
         <subfield code="a">Albright, William Foxwell,</subfield>
         <subfield code="d">1891-1971.</subfield>
      </datafield>
      <datafield tag="776" ind1="0" ind2="8">
         <subfield code="i">Online version:</subfield>
         <subfield code="t">Bible and the ancient Near East.</subfield>
         <subfield code="b">[1st ed.].</subfield>
         <subfield code="d">Garden City, N.Y. : Doubleday, 1961</subfield>
         <subfield code="w">(OCoLC)647516403</subfield>
      </datafield>
      <datafield tag="796" ind1="1" ind2=" ">
         <subfield code="a">Tadmor, Hayim,</subfield>
         <subfield code="e">former owner.</subfield>
      </datafield>
      <datafield tag="796" ind1="1" ind2=" ">
         <subfield code="a">Tadmor, Miriam,</subfield>
         <subfield code="e">former owner.</subfield>
      </datafield>
      <datafield tag="797" ind1="2" ind2=" ">
         <subfield code="a">Tadmor Collection.</subfield>
      </datafield>
      <datafield tag="994" ind1=" " ind2=" ">
         <subfield code="a">Z0</subfield>
         <subfield code="b">ZYU</subfield>
      </datafield>
      <datafield tag="OWN" ind1=" " ind2=" ">
         <subfield code="a">GENERAL</subfield>
      </datafield>
      <datafield tag="936" ind1=" " ind2=" ">
         <subfield code="a">PR 495219718</subfield>
      </datafield>
      <datafield tag="AVA" ind1=" " ind2=" ">
         <subfield code="a">NYU50</subfield>
         <subfield code="b">NISAW</subfield>
         <subfield code="c">Small Collection</subfield>
         <subfield code="d">BS1188 .B5 1961</subfield>
         <subfield code="e">available</subfield>
         <subfield code="t">Available</subfield>
         <subfield code="f">1</subfield>
         <subfield code="g">0</subfield>
         <subfield code="h">N</subfield>
         <subfield code="i">0</subfield>
         <subfield code="j">SMALL</subfield>
         <subfield code="k">0</subfield>
      </datafield>
      <marc:datafield tag="852" ind1=" " ind2=" ">
         <marc:subfield code="b">Institute for the Study of the Ancient World, </marc:subfield>
         <marc:subfield code="c">Small Collection</marc:subfield>
         <marc:subfield code="e">15 East 84th St., </marc:subfield>
         <marc:subfield code="e">New York, NY  10028</marc:subfield>
      </marc:datafield>
   </record>