
  
  
  
  
  
  
  
 
  
  <record xsi:schemaLocation="http://www.loc.gov/MARC21/slim http://www.loc.gov/standards/marcxml/schema/MARC21slim.xsd">
      <leader>00000cam  2200853 a 4500</leader>
      <controlfield tag="FMT">BK</controlfield>
      <controlfield tag="LDR">00000cam  2200853 a 4500</controlfield>
      <controlfield tag="001">001005497</controlfield>
      <controlfield tag="003">OCoLC</controlfield>
      <controlfield tag="005">20140805101459.0</controlfield>
      <controlfield tag="008">020322s2003    mau      b    001 0 eng</controlfield>
      <datafield tag="010" ind1=" " ind2=" ">
         <subfield code="a">2002024274</subfield>
      </datafield>
      <datafield tag="020" ind1=" " ind2=" ">
         <subfield code="a">0674996046 (alk. paper)</subfield>
      </datafield>
      <datafield tag="020" ind1=" " ind2=" ">
         <subfield code="a">9780674996045 (alk. paper)</subfield>
      </datafield>
      <datafield tag="035" ind1=" " ind2=" ">
         <subfield code="a">(OCoLC)49495129</subfield>
         <subfield code="z">(OCoLC)150844932</subfield>
      </datafield>
      <datafield tag="040" ind1=" " ind2=" ">
         <subfield code="a">DLC</subfield>
         <subfield code="b">eng</subfield>
         <subfield code="c">DLC</subfield>
         <subfield code="d">BAKER</subfield>
         <subfield code="d">NLGGC</subfield>
         <subfield code="d">BTCTA</subfield>
         <subfield code="d">YDXCP</subfield>
         <subfield code="d">OCLCG</subfield>
         <subfield code="d">OCLCQ</subfield>
         <subfield code="d">EXW</subfield>
         <subfield code="d">NNU</subfield>
      </datafield>
      <datafield tag="041" ind1="1" ind2=" ">
         <subfield code="a">eng</subfield>
         <subfield code="a">lat</subfield>
         <subfield code="h">lat</subfield>
      </datafield>
      <datafield tag="043" ind1=" " ind2=" ">
         <subfield code="a">e------</subfield>
         <subfield code="a">ff-----</subfield>
         <subfield code="a">aw-----</subfield>
      </datafield>
      <datafield tag="050" ind1="0" ind2="0">
         <subfield code="a">PA6697.E5</subfield>
         <subfield code="b">S5 2003</subfield>
      </datafield>
      <datafield tag="050" ind1=" " ind2="4">
         <subfield code="a">PA6156.S7</subfield>
         <subfield code="a">S73 2003</subfield>
      </datafield>
      <datafield tag="082" ind1="0" ind2="0">
         <subfield code="a">871/.01</subfield>
         <subfield code="2">21</subfield>
      </datafield>
      <datafield tag="100" ind1="1" ind2=" ">
         <subfield code="a">Statius, P. Papinius</subfield>
         <subfield code="q">(Publius Papinius)</subfield>
      </datafield>
      <datafield tag="240" ind1="1" ind2="0">
         <subfield code="a">Silvae.</subfield>
         <subfield code="l">English &amp; Latin</subfield>
      </datafield>
      <datafield tag="245" ind1="1" ind2="0">
         <subfield code="a">Silvae /</subfield>
         <subfield code="c">Statius ; edited and translated by D.R. Shackleton Bailey.</subfield>
      </datafield>
      <datafield tag="260" ind1=" " ind2=" ">
         <subfield code="a">Cambridge, Mass. :</subfield>
         <subfield code="b">Harvard University Press,</subfield>
         <subfield code="c">2003.</subfield>
      </datafield>
      <datafield tag="300" ind1=" " ind2=" ">
         <subfield code="a">vii, 438 p. ;</subfield>
         <subfield code="c">17 cm.</subfield>
      </datafield>
      <datafield tag="490" ind1="1" ind2=" ">
         <subfield code="a">Statius ;</subfield>
         <subfield code="v">1</subfield>
      </datafield>
      <datafield tag="490" ind1="1" ind2=" ">
         <subfield code="a">Loeb classical library ;</subfield>
         <subfield code="v">206</subfield>
      </datafield>
      <datafield tag="504" ind1=" " ind2=" ">
         <subfield code="a">Includes bibliographical references and index.</subfield>
      </datafield>
      <datafield tag="530" ind1=" " ind2=" ">
         <subfield code="a">Also issued online.</subfield>
      </datafield>
      <datafield tag="505" ind1="0" ind2="0">
         <subfield code="t">Recent Scholarship on the Silvae /</subfield>
         <subfield code="r">Kathleen M. Coleman --</subfield>
         <subfield code="t">Silvae --</subfield>
         <subfield code="t">Statius to His Friend Stella --</subfield>
         <subfield code="t">The Statue of Domitian --</subfield>
         <subfield code="t">Epithalamium in Honour of Stella and Violentilla --</subfield>
         <subfield code="t">The Villa of Manilius Vopiscus --</subfield>
         <subfield code="t">To Rutilius Gallicus --</subfield>
         <subfield code="t">The Baths of Claudius Etruscus --</subfield>
         <subfield code="t">The Kalends of December --</subfield>
         <subfield code="t">Statius to His Friend Melior --</subfield>
         <subfield code="t">Glaucias --</subfield>
         <subfield code="t">The Villa of Pollius Felix --</subfield>
         <subfield code="t">The Tree of Atedius Melior --</subfield>
         <subfield code="t">The Parrot of the Same --</subfield>
         <subfield code="t">The Tame Lion --</subfield>
         <subfield code="t">Consolation to Flavius Ursus --</subfield>
         <subfield code="t">To Polla on Lucan's Birthday --</subfield>
         <subfield code="t">Statius to His Friend Pollius --</subfield>
         <subfield code="t">The Hercules at Surrentum --</subfield>
         <subfield code="t">Send-off to Maecius Celer --</subfield>
         <subfield code="t">Consolation to Claudius Etruscus --</subfield>
         <subfield code="t">The Hair of Flavius Earinus --</subfield>
         <subfield code="t">To His Wife Claudia --</subfield>
         <subfield code="t">Statius to His Friend Marcellus --</subfield>
         <subfield code="t">The Seventeenth Consulship of Domitian --</subfield>
         <subfield code="t">To the Emperor Domitian --</subfield>
         <subfield code="t">The Domitian Way --</subfield>
         <subfield code="t">To Vitorius Marcellus --</subfield>
         <subfield code="t">Ode to Septimius Severus --</subfield>
         <subfield code="t">The Hercules Statuette --</subfield>
         <subfield code="t">Ode to Vibius Maximus --</subfield>
         <subfield code="t">Poem of Congratulation --</subfield>
         <subfield code="t">Jesting Hendecasyllabics --</subfield>
         <subfield code="t">Statius to His Friend Abascantus --</subfield>
         <subfield code="t">On the Death of Priscilla --</subfield>
         <subfield code="t">Praises of Crispinus --</subfield>
         <subfield code="t">Lament for His Father --</subfield>
         <subfield code="t">Sleep --</subfield>
         <subfield code="t">A Lament for His Boy.</subfield>
      </datafield>
      <datafield tag="650" ind1=" " ind2="0">
         <subfield code="a">Occasional verse, Latin</subfield>
         <subfield code="v">Translations into English.</subfield>
      </datafield>
      <datafield tag="651" ind1=" " ind2="0">
         <subfield code="a">Rome</subfield>
         <subfield code="x">History</subfield>
         <subfield code="y">Domitian, 81-96</subfield>
         <subfield code="v">Poetry.</subfield>
      </datafield>
      <datafield tag="700" ind1="1" ind2=" ">
         <subfield code="a">Shackleton Bailey, D. R.</subfield>
         <subfield code="q">(David Roy),</subfield>
         <subfield code="d">1917-2005.</subfield>
      </datafield>
      <datafield tag="776" ind1="0" ind2="8">
         <subfield code="i">Online version:</subfield>
         <subfield code="a">Statius, P. Papinius (Publius Papinius)</subfield>
         <subfield code="s">Silvae. English &amp; Latin.</subfield>
         <subfield code="t">Silvae.</subfield>
         <subfield code="d">Cambridge, Mass. : Harvard University Press, 2003</subfield>
         <subfield code="w">(OCoLC)603713951</subfield>
      </datafield>
      <datafield tag="830" ind1=" " ind2="0">
         <subfield code="a">Loeb classical library ;</subfield>
         <subfield code="v">206</subfield>
      </datafield>
      <datafield tag="800" ind1="1" ind2=" ">
         <subfield code="a">Statius, P. Papinius</subfield>
         <subfield code="q">(Publius Papinius).</subfield>
         <subfield code="t">Works.</subfield>
         <subfield code="l">English &amp; Latin.</subfield>
         <subfield code="f">2003 ;</subfield>
         <subfield code="v">1.</subfield>
      </datafield>
      <datafield tag="OWN" ind1=" " ind2=" ">
         <subfield code="a">GENERAL</subfield>
      </datafield>
      <datafield tag="AVA" ind1=" " ind2=" ">
         <subfield code="a">NYU52</subfield>
         <subfield code="b">NSHNG</subfield>
         <subfield code="c">Main Collection</subfield>
         <subfield code="d">PA6697.E5 S5 2003</subfield>
         <subfield code="e">unavailable</subfield>
         <subfield code="t">Unavailable</subfield>
         <subfield code="f">1</subfield>
         <subfield code="g">1</subfield>
         <subfield code="h">N</subfield>
         <subfield code="i">0</subfield>
         <subfield code="j">MAIN</subfield>
         <subfield code="k">0</subfield>
      </datafield>
      <datafield tag="AVA" ind1=" " ind2=" ">
         <subfield code="a">NYU51</subfield>
         <subfield code="b">NABUD</subfield>
         <subfield code="c">Loeb Collection</subfield>
         <subfield code="d">PA6697.E5 S5 2003</subfield>
         <subfield code="e">available</subfield>
         <subfield code="t">Available</subfield>
         <subfield code="f">1</subfield>
         <subfield code="g">0</subfield>
         <subfield code="h">N</subfield>
         <subfield code="i">0</subfield>
         <subfield code="j">LOEB</subfield>
         <subfield code="k">0</subfield>
      </datafield>
      <datafield tag="AVA" ind1=" " ind2=" ">
         <subfield code="a">NYU50</subfield>
         <subfield code="b">BOBST</subfield>
         <subfield code="c">1st Floor Reference - Study</subfield>
         <subfield code="d">PA3611 .A1 v.467-468A Non-circulating</subfield>
         <subfield code="e">available</subfield>
         <subfield code="t">Available</subfield>
         <subfield code="f">6</subfield>
         <subfield code="g">0</subfield>
         <subfield code="h">Y</subfield>
         <subfield code="i">10</subfield>
         <subfield code="j">REF1S</subfield>
         <subfield code="k">0</subfield>
      </datafield>
      <datafield tag="AVA" ind1=" " ind2=" ">
         <subfield code="a">NYU50</subfield>
         <subfield code="b">NISAW</subfield>
         <subfield code="c">Reference 3 Collection</subfield>
         <subfield code="d">PA6156.S7 S73 2003</subfield>
         <subfield code="e">available</subfield>
         <subfield code="t">Available</subfield>
         <subfield code="f">1</subfield>
         <subfield code="g">0</subfield>
         <subfield code="h">N</subfield>
         <subfield code="i">0</subfield>
         <subfield code="j">REF3</subfield>
         <subfield code="k">0</subfield>
      </datafield>
      <marc:datafield tag="852" ind1=" " ind2=" ">
         <marc:subfield code="b">Institute for the Study of the Ancient World, </marc:subfield>
         <marc:subfield code="c">Reference 3 Collection</marc:subfield>
         <marc:subfield code="e">15 East 84th St., </marc:subfield>
         <marc:subfield code="e">New York, NY  10028</marc:subfield>
      </marc:datafield>
   </record>