
  
  
  
  
  
 
  
  <record xsi:schemaLocation="http://www.loc.gov/MARC21/slim http://www.loc.gov/standards/marcxml/schema/MARC21slim.xsd">
      <leader>00000cam  2200697 a 4500</leader>
      <controlfield tag="FMT">BK</controlfield>
      <controlfield tag="LDR">00000cam  2200697 a 4500</controlfield>
      <controlfield tag="001">004022296</controlfield>
      <controlfield tag="003">OCoLC</controlfield>
      <controlfield tag="005">20140812134900.0</controlfield>
      <controlfield tag="008">140730s2011    cc ab    b    000 0 chi d</controlfield>
      <datafield tag="010" ind1=" " ind2=" ">
         <subfield code="a">2012413259</subfield>
      </datafield>
      <datafield tag="020" ind1=" " ind2=" ">
         <subfield code="a">9787501033324</subfield>
      </datafield>
      <datafield tag="020" ind1=" " ind2=" ">
         <subfield code="a">7501033323</subfield>
      </datafield>
      <datafield tag="035" ind1=" " ind2=" ">
         <subfield code="a">(OCoLC)771282945</subfield>
      </datafield>
      <datafield tag="040" ind1=" " ind2=" ">
         <subfield code="a">BCBTC</subfield>
         <subfield code="b">eng</subfield>
         <subfield code="c">BCBTC</subfield>
         <subfield code="d">DLC</subfield>
         <subfield code="d">STF</subfield>
         <subfield code="d">HUA</subfield>
         <subfield code="d">OCLCO</subfield>
         <subfield code="d">ZYU</subfield>
         <subfield code="d">OCLCO</subfield>
         <subfield code="d">NNU</subfield>
      </datafield>
      <datafield tag="042" ind1=" " ind2=" ">
         <subfield code="a">lccopycat</subfield>
      </datafield>
      <datafield tag="043" ind1=" " ind2=" ">
         <subfield code="a">a-cc-cq</subfield>
      </datafield>
      <datafield tag="050" ind1="0" ind2="0">
         <subfield code="a">NA6047.P36</subfield>
         <subfield code="b">Y86 2011</subfield>
      </datafield>
      <datafield tag="066" ind1=" " ind2=" ">
         <subfield code="c">$1</subfield>
      </datafield>
      <datafield tag="245" ind1="0" ind2="0">
         <subfield code="6">880-01</subfield>
         <subfield code="a">Yunyang Zhang huan hou miao /</subfield>
         <subfield code="c">Chongqing Shi wen wu ju, Chongqing Shi yi min ju bian zhu.</subfield>
      </datafield>
      <datafield tag="246" ind1="1" ind2="5">
         <subfield code="a">Zhanghuanhou Temple of Yunyang</subfield>
      </datafield>
      <datafield tag="250" ind1=" " ind2=" ">
         <subfield code="6">880-02</subfield>
         <subfield code="a">Di 1 ban.</subfield>
      </datafield>
      <datafield tag="260" ind1=" " ind2=" ">
         <subfield code="6">880-03</subfield>
         <subfield code="a">Beijing :</subfield>
         <subfield code="b">Wen wu chu ban she,</subfield>
         <subfield code="c">2011.</subfield>
      </datafield>
      <datafield tag="300" ind1=" " ind2=" ">
         <subfield code="a">409 p. :</subfield>
         <subfield code="b">ill. (some col.), maps ;</subfield>
         <subfield code="c">31 cm.</subfield>
      </datafield>
      <datafield tag="490" ind1="1" ind2=" ">
         <subfield code="6">880-04</subfield>
         <subfield code="a">Chongqing Shi wen hua yi chan shu xi</subfield>
      </datafield>
      <datafield tag="490" ind1="1" ind2=" ">
         <subfield code="6">880-05</subfield>
         <subfield code="a">Chang Jiang Sanxia gong cheng wen wu bao hu xiang mu bao gao. Bing zhong =</subfield>
         <subfield code="a">Reports on the cultural relics conservation in the Three Gorges Dam Project C (porceeding) ;</subfield>
         <subfield code="v">Di 5 hao</subfield>
      </datafield>
      <datafield tag="504" ind1=" " ind2=" ">
         <subfield code="a">Includes bibliographical references.</subfield>
      </datafield>
      <datafield tag="651" ind1=" " ind2="0">
         <subfield code="a">China</subfield>
         <subfield code="x">History</subfield>
         <subfield code="y">Three kingdoms-Sui dynasty, 220-618.</subfield>
      </datafield>
      <datafield tag="600" ind1="1" ind2="0">
         <subfield code="6">880-06</subfield>
         <subfield code="a">Zhang, Fei,</subfield>
         <subfield code="d">-221.</subfield>
      </datafield>
      <datafield tag="610" ind1="2" ind2="0">
         <subfield code="6">880-07</subfield>
         <subfield code="a">Zhang huan hou miao (Panshi Zhen, China)</subfield>
      </datafield>
      <datafield tag="650" ind1=" " ind2="0">
         <subfield code="6">880-08</subfield>
         <subfield code="a">Excavations (Archaeology)</subfield>
         <subfield code="z">China</subfield>
         <subfield code="z">Yunyang Xian.</subfield>
      </datafield>
      <datafield tag="650" ind1=" " ind2="0">
         <subfield code="a">Temples</subfield>
         <subfield code="6">880-09</subfield>
         <subfield code="x">Conservation and restoration</subfield>
         <subfield code="z">China</subfield>
         <subfield code="z">Panshi Zhen.</subfield>
      </datafield>
      <datafield tag="651" ind1=" " ind2="0">
         <subfield code="a">Yunyang Xian (China)</subfield>
         <subfield code="6">880-10</subfield>
         <subfield code="x">Antiquities.</subfield>
      </datafield>
      <datafield tag="710" ind1="1" ind2=" ">
         <subfield code="a">Chongqing (China).</subfield>
         <subfield code="b">Wen wu ju</subfield>
         <subfield code="6">880-11</subfield>
      </datafield>
      <datafield tag="710" ind1="1" ind2=" ">
         <subfield code="a">Chongqing (China).</subfield>
         <subfield code="b">Yi min ju</subfield>
         <subfield code="6">880-12</subfield>
      </datafield>
      <datafield tag="880" ind1="0" ind2="0">
         <subfield code="6">245-01/</subfield>
         <subfield code="a">云阳张桓侯庙 /</subfield>
         <subfield code="c">重庆市文物局, 重庆市移民局编著.</subfield>
      </datafield>
      <datafield tag="880" ind1=" " ind2=" ">
         <subfield code="6">250-02/</subfield>
         <subfield code="a">第1版.</subfield>
      </datafield>
      <datafield tag="880" ind1=" " ind2=" ">
         <subfield code="6">260-03/</subfield>
         <subfield code="a">北京 :</subfield>
         <subfield code="b">文物出版社,</subfield>
         <subfield code="c">2011.</subfield>
      </datafield>
      <datafield tag="880" ind1="1" ind2=" ">
         <subfield code="6">490-04/</subfield>
         <subfield code="a">重庆市文化遗产书系</subfield>
      </datafield>
      <datafield tag="880" ind1="1" ind2=" ">
         <subfield code="6">490-05/</subfield>
         <subfield code="a">长江三峡工程文物保护项目报告. 丙种 =</subfield>
         <subfield code="a">Reports on the cultural relics conservation in the Three Gorges Dam Project C (porceeding) ;</subfield>
         <subfield code="v">第5号</subfield>
      </datafield>
      <datafield tag="880" ind1="1" ind2="4">
         <subfield code="6">600-06/</subfield>
         <subfield code="a">张飞,</subfield>
         <subfield code="d">-221.</subfield>
      </datafield>
      <datafield tag="880" ind1="2" ind2="4">
         <subfield code="6">610-07/</subfield>
         <subfield code="a">张桓侯庙 (Panshi Zhen, China)</subfield>
      </datafield>
      <datafield tag="880" ind1=" " ind2="4">
         <subfield code="6">650-08/</subfield>
         <subfield code="a">Excavations (Archaeology)</subfield>
         <subfield code="z">China</subfield>
         <subfield code="z">云阳县.</subfield>
      </datafield>
      <datafield tag="880" ind1=" " ind2="4">
         <subfield code="6">650-09/</subfield>
         <subfield code="a">Temples</subfield>
         <subfield code="x">Conservation and restoration</subfield>
         <subfield code="z">China</subfield>
         <subfield code="z">磐石鎮.</subfield>
      </datafield>
      <datafield tag="880" ind1=" " ind2="4">
         <subfield code="6">651-10/</subfield>
         <subfield code="a">云阳县 (China)</subfield>
         <subfield code="x">Antiquities.</subfield>
      </datafield>
      <datafield tag="880" ind1="1" ind2=" ">
         <subfield code="6">710-11/</subfield>
         <subfield code="a">重庆 (China).</subfield>
         <subfield code="b">文物局.</subfield>
      </datafield>
      <datafield tag="880" ind1="1" ind2=" ">
         <subfield code="6">710-12/</subfield>
         <subfield code="a">重庆 (China).</subfield>
         <subfield code="b">移民局.</subfield>
      </datafield>
      <datafield tag="830" ind1=" " ind2="0">
         <subfield code="6">880-13</subfield>
         <subfield code="a">Chongqing Shi wen hua yi chan shu xi.</subfield>
      </datafield>
      <datafield tag="880" ind1=" " ind2="0">
         <subfield code="6">830-13/</subfield>
         <subfield code="a">重庆市文化遗产书系.</subfield>
      </datafield>
      <datafield tag="830" ind1=" " ind2="0">
         <subfield code="6">880-14</subfield>
         <subfield code="a">Changjiang sanxia gong cheng wen wu bao hu xiang mu bao gao.</subfield>
         <subfield code="n">Bing zhong ;</subfield>
         <subfield code="v">Di 5 hao.</subfield>
      </datafield>
      <datafield tag="880" ind1=" " ind2="0">
         <subfield code="6">830-14/</subfield>
         <subfield code="a">长江三峡工程文物保护项目报告.</subfield>
         <subfield code="n">丙种 ;</subfield>
         <subfield code="v">第5号.</subfield>
      </datafield>
      <datafield tag="994" ind1=" " ind2=" ">
         <subfield code="a">Z0</subfield>
         <subfield code="b">ZYU</subfield>
      </datafield>
      <datafield tag="OWN" ind1=" " ind2=" ">
         <subfield code="a">GENERAL</subfield>
      </datafield>
      <datafield tag="AVA" ind1=" " ind2=" ">
         <subfield code="a">NYU50</subfield>
         <subfield code="b">NISAW</subfield>
         <subfield code="c">Oversize Collection</subfield>
         <subfield code="d">NA6047.P36 Y86 2011</subfield>
         <subfield code="e">available</subfield>
         <subfield code="t">Available</subfield>
         <subfield code="f">1</subfield>
         <subfield code="g">0</subfield>
         <subfield code="h">N</subfield>
         <subfield code="i">0</subfield>
         <subfield code="j">OVERZ</subfield>
         <subfield code="k">0</subfield>
      </datafield>
      <marc:datafield tag="852" ind1=" " ind2=" ">
         <marc:subfield code="b">Institute for the Study of the Ancient World, </marc:subfield>
         <marc:subfield code="c">Oversize Collection</marc:subfield>
         <marc:subfield code="e">15 East 84th St., </marc:subfield>
         <marc:subfield code="e">New York, NY  10028</marc:subfield>
      </marc:datafield>
   </record>