
  
  
  
  
  
 
  
  <record xsi:schemaLocation="http://www.loc.gov/MARC21/slim http://www.loc.gov/standards/marcxml/schema/MARC21slim.xsd">
      <leader>00000cam a2200253 a 45M</leader>
      <controlfield tag="FMT">BK</controlfield>
      <controlfield tag="LDR">00000cam a2200253 a 45M</controlfield>
      <controlfield tag="001">001807117</controlfield>
      <controlfield tag="003">NNU</controlfield>
      <controlfield tag="005">20140731151457.0</controlfield>
      <controlfield tag="008">790416s1961    ilu           001 0 eng</controlfield>
      <datafield tag="010" ind1=" " ind2=" ">
         <subfield code="a">61008077 //r942</subfield>
      </datafield>
      <datafield tag="035" ind1="9" ind2=" ">
         <subfield code="a">NYUb10740071</subfield>
      </datafield>
      <datafield tag="035" ind1=" " ind2=" ">
         <subfield code="a">(OCoLC)ocm00747562</subfield>
      </datafield>
      <datafield tag="040" ind1=" " ind2=" ">
         <subfield code="a">DLC</subfield>
         <subfield code="c">DLC</subfield>
         <subfield code="d">NNU</subfield>
      </datafield>
      <datafield tag="041" ind1="1" ind2=" ">
         <subfield code="a">eng</subfield>
         <subfield code="h">ger</subfield>
      </datafield>
      <datafield tag="050" ind1="0" ind2="0">
         <subfield code="a">PA813</subfield>
         <subfield code="b">.B513 1961</subfield>
      </datafield>
      <datafield tag="082" ind1="0" ind2="0">
         <subfield code="a">487.3</subfield>
      </datafield>
      <datafield tag="100" ind1="1" ind2=" ">
         <subfield code="a">Blass, Friedrich,</subfield>
         <subfield code="d">1843-1907.</subfield>
      </datafield>
      <datafield tag="240" ind1="1" ind2="0">
         <subfield code="a">Grammatik des neutestamentlichen Griechisch.</subfield>
         <subfield code="l">English</subfield>
      </datafield>
      <datafield tag="245" ind1="1" ind2="2">
         <subfield code="a">A Greek grammar of the New Testament and other early Christian literature /</subfield>
         <subfield code="c">[by] F. Blass and A. Debrunner. A translation and revision of the 9th-10th German ed., incorporating supplementary notes of A. Debrunner, by Robert W. Funk.</subfield>
      </datafield>
      <datafield tag="260" ind1=" " ind2=" ">
         <subfield code="a">Chicago :</subfield>
         <subfield code="b">University of Chicago Press,</subfield>
         <subfield code="c">1961.</subfield>
      </datafield>
      <datafield tag="300" ind1=" " ind2=" ">
         <subfield code="a">xxxvii, 325 p. ;</subfield>
         <subfield code="c">27 cm.</subfield>
      </datafield>
      <datafield tag="500" ind1=" " ind2=" ">
         <subfield code="a">Includes indexes.</subfield>
      </datafield>
      <datafield tag="650" ind1=" " ind2="0">
         <subfield code="a">Greek language, Biblical</subfield>
         <subfield code="x">Grammar.</subfield>
      </datafield>
      <datafield tag="630" ind1="0" ind2="0">
         <subfield code="a">Bible.</subfield>
         <subfield code="p">N.T.</subfield>
         <subfield code="x">Language, style</subfield>
         <subfield code="v">Problems, exercises, etc.</subfield>
      </datafield>
      <datafield tag="700" ind1="1" ind2=" ">
         <subfield code="a">Debrunner, Albert,</subfield>
         <subfield code="d">1884-1958.</subfield>
      </datafield>
      <datafield tag="700" ind1="1" ind2=" ">
         <subfield code="a">Funk, Robert Walter,</subfield>
         <subfield code="d">1926-2005.</subfield>
      </datafield>
      <datafield tag="OWN" ind1=" " ind2=" ">
         <subfield code="a">GENERAL</subfield>
      </datafield>
      <datafield tag="AVA" ind1=" " ind2=" ">
         <subfield code="a">NYU50</subfield>
         <subfield code="b">BOBST</subfield>
         <subfield code="c">Main Collection</subfield>
         <subfield code="d">PA813 .B513 1961</subfield>
         <subfield code="e">available</subfield>
         <subfield code="t">Available</subfield>
         <subfield code="f">1</subfield>
         <subfield code="g">0</subfield>
         <subfield code="h">N</subfield>
         <subfield code="i">0</subfield>
         <subfield code="j">MAIN</subfield>
         <subfield code="k">0</subfield>
      </datafield>
      <datafield tag="AVA" ind1=" " ind2=" ">
         <subfield code="a">NYU50</subfield>
         <subfield code="b">NISAW</subfield>
         <subfield code="c">Reference 3 Collection</subfield>
         <subfield code="d">PA813 .B513 1961</subfield>
         <subfield code="e">available</subfield>
         <subfield code="t">Available</subfield>
         <subfield code="f">1</subfield>
         <subfield code="g">0</subfield>
         <subfield code="h">N</subfield>
         <subfield code="i">0</subfield>
         <subfield code="j">REF3</subfield>
         <subfield code="k">0</subfield>
      </datafield>
      <marc:datafield tag="852" ind1=" " ind2=" ">
         <marc:subfield code="b">Institute for the Study of the Ancient World, </marc:subfield>
         <marc:subfield code="c">Reference 3 Collection</marc:subfield>
         <marc:subfield code="e">15 East 84th St., </marc:subfield>
         <marc:subfield code="e">New York, NY  10028</marc:subfield>
      </marc:datafield>
   </record>