
  
  
  
  
  
 
  
  <record xsi:schemaLocation="http://www.loc.gov/MARC21/slim http://www.loc.gov/standards/marcxml/schema/MARC21slim.xsd">
      <leader>00000cam  2200685 a 4500</leader>
      <controlfield tag="FMT">BK</controlfield>
      <controlfield tag="LDR">00000cam  2200685 a 4500</controlfield>
      <controlfield tag="001">004022495</controlfield>
      <controlfield tag="003">OCoLC</controlfield>
      <controlfield tag="005">20140731154601.0</controlfield>
      <controlfield tag="008">140731s2004    cc ab         000 0 chi d</controlfield>
      <datafield tag="010" ind1=" " ind2=" ">
         <subfield code="a">2006434018</subfield>
      </datafield>
      <datafield tag="020" ind1=" " ind2=" ">
         <subfield code="a">7501015953</subfield>
      </datafield>
      <datafield tag="020" ind1=" " ind2=" ">
         <subfield code="a">9787501015955</subfield>
      </datafield>
      <datafield tag="035" ind1=" " ind2=" ">
         <subfield code="a">(OCoLC)56562588</subfield>
      </datafield>
      <datafield tag="040" ind1=" " ind2=" ">
         <subfield code="a">HUA</subfield>
         <subfield code="b">eng</subfield>
         <subfield code="c">HUA</subfield>
         <subfield code="d">PIT</subfield>
         <subfield code="d">CLU</subfield>
         <subfield code="d">DLC</subfield>
         <subfield code="d">SINLB</subfield>
         <subfield code="d">DEBBG</subfield>
         <subfield code="d">NNU</subfield>
      </datafield>
      <datafield tag="041" ind1="0" ind2=" ">
         <subfield code="a">chi</subfield>
         <subfield code="b">eng</subfield>
         <subfield code="b">jpn</subfield>
         <subfield code="f">eng</subfield>
         <subfield code="f">jpn</subfield>
      </datafield>
      <datafield tag="043" ind1=" " ind2=" ">
         <subfield code="a">a-cc---</subfield>
      </datafield>
      <datafield tag="050" ind1="0" ind2="0">
         <subfield code="a">NK4565.4</subfield>
         <subfield code="b">.L582 2004</subfield>
      </datafield>
      <datafield tag="066" ind1=" " ind2=" ">
         <subfield code="c">$1</subfield>
      </datafield>
      <datafield tag="082" ind1="0" ind2="4">
         <subfield code="a">738.0951</subfield>
         <subfield code="2">21</subfield>
      </datafield>
      <datafield tag="100" ind1="1" ind2=" ">
         <subfield code="a">Liu, Tao</subfield>
         <subfield code="6">880-01</subfield>
      </datafield>
      <datafield tag="245" ind1="1" ind2="0">
         <subfield code="6">880-02</subfield>
         <subfield code="a">Song Liao Jin ji nian ci qi /</subfield>
         <subfield code="c">Liu Tao zhu.</subfield>
      </datafield>
      <datafield tag="246" ind1="1" ind2="5">
         <subfield code="a">Dated ceramics of the Song, Liao and Jin periods</subfield>
      </datafield>
      <datafield tag="250" ind1=" " ind2=" ">
         <subfield code="6">880-03</subfield>
         <subfield code="a">Di 1 ban.</subfield>
      </datafield>
      <datafield tag="260" ind1=" " ind2=" ">
         <subfield code="6">880-04</subfield>
         <subfield code="a">Beijing :</subfield>
         <subfield code="b">Wen wu chu ban she,</subfield>
         <subfield code="c">2004.</subfield>
      </datafield>
      <datafield tag="300" ind1=" " ind2=" ">
         <subfield code="a">6, 257 p. :</subfield>
         <subfield code="b">ill. (some col.), maps ;</subfield>
         <subfield code="c">26 cm.</subfield>
      </datafield>
      <datafield tag="500" ind1=" " ind2=" ">
         <subfield code="6">880-05</subfield>
         <subfield code="a">"Shenzhen Shi wen wu guan li wei yuan hui ban gong shi yan jiu ke ti".</subfield>
      </datafield>
      <datafield tag="546" ind1=" " ind2=" ">
         <subfield code="a">Table of contents and abstracts also in English and Japanese.</subfield>
      </datafield>
      <datafield tag="504" ind1=" " ind2=" ">
         <subfield code="a">Includes bibliographical references (p. 205-216).</subfield>
      </datafield>
      <datafield tag="650" ind1=" " ind2="0">
         <subfield code="a">Porcelain, Chinese</subfield>
         <subfield code="y">Song-Yuan dynasties, 960-1368.</subfield>
      </datafield>
      <datafield tag="650" ind1=" " ind2="0">
         <subfield code="a">Excavations (Archaeology)</subfield>
         <subfield code="z">China.</subfield>
      </datafield>
      <datafield tag="650" ind1="0" ind2="7">
         <subfield code="a">Funde.</subfield>
         <subfield code="2">swd</subfield>
      </datafield>
      <datafield tag="650" ind1="0" ind2="7">
         <subfield code="a">Keramik.</subfield>
         <subfield code="2">swd</subfield>
      </datafield>
      <datafield tag="651" ind1=" " ind2="7">
         <subfield code="a">China.</subfield>
         <subfield code="2">swd</subfield>
      </datafield>
      <datafield tag="648" ind1=" " ind2="7">
         <subfield code="a">Geschichte 907-1279.</subfield>
         <subfield code="2">swd</subfield>
      </datafield>
      <datafield tag="776" ind1="0" ind2="8">
         <subfield code="i">Online version:</subfield>
         <subfield code="a">Liu, Tao.</subfield>
         <subfield code="t">Song Liao Jin ji nian ci qi.</subfield>
         <subfield code="b">Di 1 ban.</subfield>
         <subfield code="d">Beijing : Wen wu chu ban she, 2004</subfield>
         <subfield code="w">(OCoLC)743180960</subfield>
      </datafield>
      <datafield tag="880" ind1="1" ind2=" ">
         <subfield code="6">100-01/</subfield>
         <subfield code="a">刘涛.</subfield>
      </datafield>
      <datafield tag="880" ind1="1" ind2="0">
         <subfield code="6">245-02/</subfield>
         <subfield code="a">宋辽金纪年瓷器 /</subfield>
         <subfield code="c">刘涛著.</subfield>
      </datafield>
      <datafield tag="880" ind1=" " ind2=" ">
         <subfield code="6">250-03/</subfield>
         <subfield code="a">第1版.</subfield>
      </datafield>
      <datafield tag="880" ind1=" " ind2=" ">
         <subfield code="6">260-04/</subfield>
         <subfield code="a">北京 :</subfield>
         <subfield code="b">文物出版社,</subfield>
         <subfield code="c">2004.</subfield>
      </datafield>
      <datafield tag="880" ind1=" " ind2=" ">
         <subfield code="6">500-05/</subfield>
         <subfield code="a">"深圳市文物管理委员会办公室硏究课题".</subfield>
      </datafield>
      <datafield tag="994" ind1=" " ind2=" ">
         <subfield code="a">Z0</subfield>
         <subfield code="b">ZYU</subfield>
      </datafield>
      <datafield tag="OWN" ind1=" " ind2=" ">
         <subfield code="a">GENERAL</subfield>
      </datafield>
      <datafield tag="AVA" ind1=" " ind2=" ">
         <subfield code="a">NYU50</subfield>
         <subfield code="b">NISAW</subfield>
         <subfield code="c">Small Collection</subfield>
         <subfield code="d">NK4565.4 .L582 2004</subfield>
         <subfield code="e">available</subfield>
         <subfield code="t">Available</subfield>
         <subfield code="f">1</subfield>
         <subfield code="g">0</subfield>
         <subfield code="h">N</subfield>
         <subfield code="i">0</subfield>
         <subfield code="j">SMALL</subfield>
         <subfield code="k">0</subfield>
      </datafield>
      <marc:datafield tag="852" ind1=" " ind2=" ">
         <marc:subfield code="b">Institute for the Study of the Ancient World, </marc:subfield>
         <marc:subfield code="c">Small Collection</marc:subfield>
         <marc:subfield code="e">15 East 84th St., </marc:subfield>
         <marc:subfield code="e">New York, NY  10028</marc:subfield>
      </marc:datafield>
   </record>